2176 3672
800 255 974 299 LIBER
1001 257 1055 300 Π.
1114 255 1214 311 Cap.
1247 258 1285 301 6.
1319 257 1356 299 7.
1387 256 1425 299 8.
1910 254 1992 296 317

227 373 483 426 coalescere3
513 384 590 416 nec
610 371 780 426 referre,
803 371 1021 414 Vitellium
1042 384 1095 414 an
1112 371 1321 415 Othonem
1341 371 1615 426 superstitem
1634 369 1806 413 fortuna
1824 368 1994 412 faceret.

226 452 354 496 rebus
383 452 583 498 secundis
611 452 739 495 etiam
771 452 965 506 egregios
994 452 1123 495 duces
1153 452 1426 496 insolescere:
1469 451 1726 494 discordiam
1756 449 1824 492 his
1837 484 1847 502 ,
1877 449 1995 503 igna-

225 533 358 586 viam,
387 532 619 585 luxuriem;
661 535 705 575 et
733 532 913 575 suismet
941 531 1059 574 vitiis
1089 531 1271 575 alterum
1301 532 1434 585 bello,
1465 531 1646 574 alterum
1676 530 1855 574 victoria
1883 530 1996 584 peri-

226 615 382 656 turum.
426 613 558 667 igitur
587 625 706 655 arma
733 613 776 655 in
806 612 1069 655 occasionem
1100 611 1307 655 distulere
1320 646 1330 665 ,
1371 612 1660 666 Vespasianus
1691 610 1996 663 Mucianusque

225 705 373 748 nuper,
403 692 535 736 ceteri
563 691 663 735 olim
692 692 837 734 mixtis
868 691 1074 745 consiliis;
1106 692 1292 746 optimus
1323 692 1503 747 quisque
1533 704 1676 734 amore
1705 691 1767 733 rei
1790 689 1995 744 publicae,
2033 699 2053 728 5

225 772 382 816 multos
422 772 601 815 dulcedo
641 772 898 826 praedarum
938 771 1207 825 stimulabat,
1249 772 1355 815 alios
1386 771 1608 825 ambiguae
1647 771 1762 813 domi
1800 783 1880 814 res.
1935 770 1997 813 ita

227 851 326 896 boni
353 852 538 906 malique
567 853 707 895 causis
738 853 931 905 diversis,
962 853 1103 895 studio
1132 853 1227 906 pari
1256 852 1412 896 bellum
1442 864 1586 894 omnes
1615 851 1851 905 cupiebant.

344 931 410 986 (8)
452 932 538 975 Sub
579 933 691 976 idem
730 936 898 986 tempus
927 932 1090 975 Achaia
1131 937 1259 987 atque
1296 933 1402 975 Asia
1441 931 1549 974 falso
1588 932 1838 983 exterritae,
1880 930 1998 973 velut

227 1011 343 1056 Nero
384 1013 653 1066 adventaret,
695 1013 813 1055 vario
850 1025 979 1066 super
1009 1013 1125 1056 exitu
1155 1014 1246 1056 eius
1276 1025 1443 1055 rumore
1473 1024 1605 1066 eoque
1634 1011 1826 1065 pluribus
1857 1011 1997 1053 vivere

226 1104 321 1135 eum
342 1090 598 1146 fingentibus
619 1092 982 1147 credentibusque.
1025 1096 1259 1136 ceterorum
1282 1104 1404 1135 casus
1435 1095 1694 1146 conatusque
1722 1092 1765 1134 in
1797 1094 1997 1134 contextu
2011 1101 2053 1130 10

226 1172 367 1226 operis
398 1173 606 1216 dicemus:
648 1176 750 1216 tunc
780 1185 928 1215 servus
959 1185 982 1216 e
1011 1172 1147 1216 Ponto
1177 1173 1286 1225 sive,
1316 1175 1365 1215 ut
1395 1172 1468 1215 alii
1498 1172 1732 1224 tradidere,
1774 1170 1996 1214 libertinus

225 1264 278 1295 ex
306 1251 435 1295 Italia
464 1252 653 1296 citharae
693 1256 736 1296 et
765 1255 915 1296 cantus
943 1253 1107 1307 peritus
1120 1287 1130 1306 ,
1172 1254 1285 1296 unde
1314 1252 1377 1295 illi
1407 1265 1535 1306 super
1564 1250 1881 1294 similitudinem
1910 1251 1996 1293 oris

225 1333 400 1386 propior
429 1333 482 1375 ad
511 1332 743 1375 fallendum
772 1331 897 1386 fides,
939 1333 1150 1376 adiunctis
1189 1332 1476 1376 desertoribus
1490 1366 1500 1385 ,
1541 1345 1647 1387 quos
1686 1332 1831 1386 inopia
1867 1343 1996 1385 vagos

225 1412 469 1466 ingentibus
504 1413 724 1467 promissis
764 1421 1036 1467 corruperat,
1078 1426 1194 1456 mare
1232 1413 1492 1466 ingreditur3
1535 1425 1584 1456 ac
1614 1413 1655 1455 vi
1694 1414 1996 1465 tempestatum

228 1491 440 1547 Cythnum
470 1492 652 1535 insulam
682 1493 882 1536 detrusus
913 1497 957 1537 et
980 1494 1162 1536 militum
1184 1493 1390 1547 quosdam
1412 1506 1463 1536 ex
1484 1493 1656 1535 Oriente
1677 1492 1998 1535 commeantium
2014 1501 2054 1530 15

230 1572 413 1616 adscivit
441 1572 508 1616 vel
538 1572 772 1616 abnuentes
802 1572 984 1617 interfici
1014 1574 1140 1616 iussit
1168 1577 1211 1617 et
1241 1572 1437 1627 spoliatis
1469 1571 1803 1627 negotiatoribus
1842 1573 1998 1614 manci-

318 1663 372 1707 ²l³
398 1665 561 1696 discordia
576 1664 699 1704 militis,
725 1665 869 1704 ignavia,
894 1665 1021 1696 luxurie
1048 1665 1181 1704 Madvig

227 1720 385 1751 amer-ner.
405 1711 468 1752 lm)
538 1713 558 1743 8
575 1721 656 1751 asya
725 1712 877 1743 exterrito
946 1712 1045 1743 uelud

226 1757 430 1795 Frebtsheim,
454 1758 588 1797 pronior
611 1757 764 1788 Heinsius

1275 1667 1294 1696 3
1320 1665 1447 1704 luxurie

1116 1713 1157 1742 12
1176 1711 1310 1751 cythare

1540 1665 1560 1694 5
1585 1673 1640 1695 BP.
1735 1665 1753 1695 ‘1
1785 1664 1937 1703 cupiebat
1961 1664 1995 1706 (n

1380 1711 1590 1742 similitudine
1608 1711 1709 1742 moris
1758 1713 1798 1742 13
1817 1710 1997 1749 promptior

229 1848 294 1880 πάι
325 1859 447 1888 semper
472 1848 623 1888 fortuna.
669 1849 791 1880 Lucan.
816 1849 930 1880 Phara.
958 1850 1000 1886 2,
1025 1850 1090 1880 448
1128 1858 1186 1881 πον
1211 1845 1281 1881 τινὰ
1308 1843 1370 1891 οὐχ
1394 1842 1484 1887 ἅπαξ
1509 1843 1612 1880 αὐτοῦ
1647 1844 1874 1889 τεθνηκότος,
1911 1843 1996 1880 ἀλλὰ

222 1906 330 1946 primo
346 1910 466 1937 terrore
481 1906 600 1937 noentis
623 1924 665 1930 —
690 1906 771 1937 belli.
799 1924 839 1930 —
864 1916 973 1946 nuper,
999 1906 1096 1936 oeten·
1127 1902 1287 1942 πολλάκις
1311 1900 1397 1946 μετὰ
1427 1905 1493 1937 τῶν
1520 1901 1655 1946 σφόδρα
1679 1901 1859 1946 οἰηξῐέντων
1894 1901 1996 1937 αὐτὸν

228 1961 316 2007 olim]
342 1962 482 1994 Sensus:
506 1963 747 2003 Vespasianum
771 1968 803 1994 et
826 1964 1010 1994 Mucianum
1035 1972 1092 1992 nu-

229 2029 289 2060 per
321 2020 402 2060 (Titi
426 2019 540 2062 opera)
573 2021 709 2051 consilia
743 2021 783 2051 de
816 2020 1004 2051 invadendo
1035 2020 1093 2050 im-

228 2077 322 2117 perio
337 2078 558 2117 consociasse3
584 2079 711 2116 ceteris,
737 2078 821 2115 Tito,
847 2077 988 2108 tribunis
1005 2077 1094 2107 aliis—

229 2144 293 2175 que
315 2134 389 2165 fidis
411 2134 568 2166 ministris
592 2145 660 2166 rem
683 2135 774 2166 illam
799 2135 902 2166 multo
926 2137 1002 2165 ante
1026 2133 1092 2173 agi-

227 2195 339 2223 tatam.
379 2192 421 2222 cf.
445 2202 473 2222 c.
492 2193 523 2222 5.
571 2190 710 2232 (Ceteros
734 2192 866 2231 Lipsius
890 2195 978 2223 recte
1000 2191 1094 2222 intel-

228 2250 304 2290 ligit
325 2250 448 2280 amicos
471 2253 505 2281 et
528 2248 703 2280 familiares
728 2249 933 2288 Vespasiani,
959 2248 1013 2287 qui
1029 2248 1094 2278 iam

230 2307 351 2338 dudum
375 2306 605 2338 ominabantur
629 2306 707 2344 fore,
733 2309 768 2336 ut
790 2306 1013 2344 Vespasianus
1037 2305 1095 2335 im·

231 2365 358 2405 perium
382 2365 554 2404 acciperet.
579 2364 619 2394 cf.
639 2366 669 2401 1,
689 2363 741 2394 10.
760 2364 812 2394 50.
841 2363 927 2394 Suet.
945 2363 1042 2402 Vesp.
1064 2363 1094 2392 5.

231 2423 341 2454 ΒΑΟΗ.
390 2422 453 2452 Sed
470 2432 526 2452 vv.
545 2421 650 2451 mixtis
675 2419 816 2458 consiliis
840 2421 886 2451 sic
910 2420 997 2451 haud
1016 2420 1095 2451 satis

231 2479 469 2519 respiciuntur,
510 2487 593 2518 quae
631 2477 805 2508 manifesto
839 2478 1027 2516 significant
1065 2481 1097 2507 et

231 2537 427 2577 Vespasiani
451 2539 484 2567 et
506 2535 648 2566 Muciani
681 2536 802 2566 amicos
831 2544 934 2573 aeque
958 2543 996 2564 eo
1022 2542 1096 2573 pro-

230 2594 394 2634 pendisse,
418 2597 455 2624 ut
470 2593 692 2632 Vespasianus
715 2593 755 2623 ad
781 2578 999 2636 princip·m
1024 2600 1095 2629 per-

231 2650 385 2692 veniret.)
409 2669 452 2674 -
477 2649 643 2689 ambiyuae
668 2650 756 2680 domi
776 2647 840 2692 res]
867 2658 923 2679 aes
941 2649 1094 2684 alienum,

232 2709 313 2739 fides
330 2708 472 2746 decocta,
498 2707 698 2738 conscientia
715 2707 906 2737 facinorum.
930 2706 969 2735 cf.
993 2707 1022 2743 1,
1040 2707 1093 2736 88.

232 2765 319 2795 Ean.
366 2765 452 2796 Ann.
474 2766 504 2804 l,
522 2766 566 2796 64
590 2764 798 2795 secundarum
821 2762 1098 2801 ambiquarumque

231 2831 337 2852 rerum
359 2821 469 2853 sciens.

280 2880 311 2910 8.
356 2879 440 2909 velut
462 2878 561 2919 Nero]
592 2879 716 2909 Nomen
742 2888 837 2909 nemo
862 2878 1021 2917 prodidit3
1058 2877 1097 2906 de

233 2936 297 2966 alio
328 2936 583 2967 Pseudonerone
617 2936 656 2966 cf.
684 2935 773 2966 Suet.
797 2936 873 2966 Ner.
900 2936 964 2974 57,
1001 2933 1054 2973 qui
1080 2943 1096 2963 e

234 2992 378 3024 tenebris
401 2994 534 3024 emersit
558 2994 744 3024 Domitiano
770 3002 833 3023 cos.
861 2992 938 3022 XIV
963 3002 990 3022 a.
1019 3001 1049 3021 u.
1068 3000 1094 3020 c.

235 3051 313 3088 841,
337 3059 369 3090 p.
389 3050 448 3081 Ch.
472 3051 526 3082 88.
577 3051 653 3081 Fuit
677 3053 709 3081 et
732 3050 857 3086 medius
882 3049 1011 3087 quidam
1037 3047 1096 3077 sub

235 3106 320 3146 Tito,
345 3107 443 3137 homo
467 3106 619 3144 Asianus,
644 3108 775 3139 nomine
800 3107 971 3138 Terentius
995 3104 1096 3135 Maxi-

236 3173 328 3202 mus,
365 3163 405 3193 de
431 3172 495 3201 quo
528 3174 561 3195 v.
587 3165 750 3195 Zonaram
785 3174 814 3203 p.
843 3165 918 3194 578.
966 3163 1006 3193 cf.
1033 3162 1096 3191 Dio

237 3219 406 3259 chrysost.
441 3218 531 3250 Orat.
565 3223 618 3253 21.
653 3231 685 3260 p.
710 3223 785 3254 300.
820 3221 870 3252 ed.
906 3220 942 3250 L.
978 3219 1097 3249 Dind.:

1131 1961 1203 2001 ζῆν.
1250 1962 1340 1992 Inter
1374 1961 1578 1992 Christianos
1609 1962 1707 1992 etiam
1738 1961 1905 1991 multorum
1928 1962 1995 2000 opi-

1129 2019 1222 2049 nimae
1260 2023 1415 2058 receptum
1450 2023 1519 2049 erat
1551 2018 1654 2058 ipsum
1695 2017 1886 2060 (Neronem)
1924 2023 1997 2048 ante

1130 2074 1361 2107 Antio-hristum
1387 2081 1568 2113 venturum,
1606 2079 1640 2106 ut
1663 2075 1710 2105 ait
1733 2075 1895 2114 Sulpicius
1920 2075 1995 2105 Sev.

1131 2133 1252 2163 Chron.
1279 2135 1311 2170 2,
1332 2135 1385 2171 28,
1407 2136 1422 2164 1
1450 2133 1514 2175 (ed.
1540 2132 1654 2172 Halm)
1679 2132 1799 2163 collato
1825 2132 1995 2162 Lactantio

1131 2190 1171 2220 de
1195 2190 1291 2220 Mort.
1316 2190 1480 2221 Persecut.
1507 2192 1547 2228 2,
1584 2199 1680 2228 quam
1705 2190 1892 2229 opinionem
1929 2199 1995 2219 ma-

1131 2256 1226 2278 nasse
1251 2251 1398 2279 statuunt
1422 2246 1618 2277 recentiores
1638 2247 1834 2286 interpretes
1851 2257 1890 2276 ex
1907 2247 1994 2285 Apo-

1131 2305 1258 2344 calypsi
1281 2305 1414 2338 Ioannis
1440 2304 1581 2343 apostoli
1606 2303 1677 2334 sive
1701 2304 1834 2334 Ioannis
1859 2303 1994 2343 presby-

1132 2361 1191 2391 teri
1216 2361 1287 2391 sive
1312 2361 1444 2391 Ioannis
1467 2360 1567 2391 Marci
1593 2360 1663 2391 sive
1687 2361 1771 2391 alius
1796 2361 1935 2399 deniqne
1967 2370 1994 2390 c.

1134 2419 1186 2455 13,
1214 2420 1252 2448 11
1280 2427 1369 2457 seqq.
1396 2418 1436 2448 de
1460 2417 1559 2448 belua
1581 2417 1716 2454 bicorni,
1745 2417 1858 2456 „cuius
1884 2426 1995 2447 nume-

1132 2484 1206 2511 rus,
1232 2475 1359 2514 inquit,
1394 2478 1443 2506 est
1467 2474 1607 2505 hominis
1632 2484 1785 2504 numerus
1810 2478 1842 2504 et
1866 2474 1995 2512 quidem

1135 2531 1338 2562 DCLXVI.“
1363 2532 1415 2574 (cf.
1443 2531 1583 2562 Casaub.
1608 2532 1649 2561 ad
1669 2531 1755 2562 Suet.
1782 2532 1802 2561 l.
1822 2532 1842 2561 1.
1867 2531 1995 2561 Reima-

1132 2598 1203 2619 rum
1227 2589 1268 2619 ad
1292 2589 1432 2619 Dionem
1458 2592 1519 2627 64,
1546 2588 1593 2628 9.)
1620 2606 1659 2612 --
1695 2589 1729 2619 in
1754 2593 1898 2619 contextu
1922 2598 1994 2627 ope-

1131 2644 1191 2689 ris]
1217 2646 1272 2684 qui
1289 2646 1394 2685 periit.
1419 2665 1462 2670 --
1481 2647 1619 2686 propior
1641 2645 1688 2676 ad
1697 2646 1883 2684 fallendum
1903 2646 1995 2686 fides]

1133 2703 1232 2741 „quia
1256 2703 1358 2742 perite
1382 2704 1544 2742 psallebat
1560 2707 1656 2742 atque
1673 2703 1819 2741 canebat,
1845 2707 1880 2733 ut
1896 2704 1994 2740 Nero,

1133 2770 1171 2791 eo
1195 2760 1321 2791 facilius
1354 2761 1467 2791 fallere
1498 2760 1646 2791 homines
1680 2763 1848 2799 poterat;“
1883 2761 1994 2791 claris-

1134 2817 1216 2847 sima
1239 2817 1419 2853 sententia,
1454 2827 1552 2856 quam
1585 2817 1773 2848 obscuravit
1797 2817 1993 2848 Doederlein

1133 2874 1378 2913 distinguendo:
1413 2874 1494 2905 unde
1526 2874 1579 2904 illi
1610 2875 1694 2912 (scil.
1728 2875 1866 2912 Neroni)
1901 2884 1995 2913 super

1134 2931 1368 2962 aimilssudinem
1385 2932 1449 2962 oris
1468 2932 1614 2970 propior,
1640 2931 1686 2961 ad
1697 2931 1882 2970 salbendum
1895 2931 1992 2970 fides.

1134 2988 1210 3019 Sine
1233 2998 1330 3018 eausa
1353 2988 1386 3018 in
1411 2989 1572 3019 adiectivo
1592 2988 1729 3028 propior
1753 2988 1857 3019 critici
1882 2989 1992 3019 haese-

1133 3050 1226 3084 runt,
1258 3055 1333 3075 nam
1351 3046 1487 3085 propior
1511 3046 1558 3076 ad
1571 3045 1755 3084 fallendum
1775 3045 1855 3082 fides
1885 3050 1935 3076 est
1958 3046 1993 3076 fi-

1132 3104 1199 3140 des,
1225 3112 1307 3141 quae
1333 3102 1466 3142 propius
1491 3102 1615 3133 accedit
1638 3103 1679 3133 ad
1704 3102 1885 3142 fallaciam,
1911 3112 1993 3142 quae

1132 3160 1245 3198 magis,
1271 3159 1494 3190 vehementius
1520 3159 1616 3197 fallit,
1639 3159 1672 3189 h.
1690 3169 1717 3189 e.
1742 3160 1891 3190 fallacior
1914 3160 1994 3190 fides

1131 3217 1210 3258 (eine
1234 3216 1457 3246 muschendere
1475 3215 1789 3257 Glaubwt'lrdiykeit).
1823 3218 1910 3248 nolui
1934 3218 1992 3256 igi-

238 3272 382 3317 Νέρωνᾶ
417 3285 455 3317 γε
479 3275 538 3308 καὶ
571 3275 628 3309 νῦν
661 3274 710 3310 ἔτι
744 3275 864 3313 πάντες
897 3274 1100 3316 ἐπιθυμοῦσι
1134 3278 1197 3311 tur,
1223 3273 1308 3311 quod
1333 3277 1444 3311 aptum
1469 3282 1599 3303 sensum
1616 3273 1760 3312 praebet,
1786 3278 1907 3304 temere
1925 3283 1992 3304 mu-

239 3333 318 3375 ζῆν·
351 3331 381 3365 οἱ
404 3329 444 3365 δὲ
466 3332 616 3368 πλεῖστοι
640 3333 697 3368 καὶ
722 3333 854 3375 οἴονται,
879 3331 999 3373 καίπερ
1024 3329 1096 3373 τρό-
1135 3334 1211 3361 ‘⁸¹¹0-
1238 3347 1278 3353 -
1315 3328 1480 3371 omnum]
1516 3330 1600 3360 inter
1634 3330 1792 3371 Cyclada
1826 3331 1993 3362 meridiem
