2176 3672
15 390 70 422 4
141 335 257 400 runt
276 326 463 414 species·

207 509 355 566 (27)
382 509 595 553 Funerum
624 510 735 553 nulla
764 511 951 554 ambitio:

884 243 988 301 Cap.
1011 244 1082 287 26.
1106 245 1178 290 27.

1861 247 1911 288 51

65 389 75 415 ,ζ
510 355 644 398 hiems
686 359 729 398 et
768 369 843 399 ver
883 360 926 398 et
955 360 1094 399 aestas
1133 356 1388 411 intellectum
1428 370 1477 399 36
1513 356 1712 400 voeabula
1740 357 1916 413 habent3

4 424 327 499 *snitum
355 432 749 495 perindemomen
738 436 786 476 ac
815 433 924 477 bona
952 434 1222 491 ignorantur.

27 510 30 517 '
127 512 129 514 ’
998 510 1041 553 id
1070 511 1203 554 solum
1235 510 1474 554 observatur
1507 514 1554 553 ut
1587 524 1761 568 corpora
1794 511 1920 554 claro-

62 574 100 593 *
141 591 236 631 'rum
262 587 444 631 virorum
474 588 598 631 certis
627 588 751 645 lignis
788 592 1033 649 crementur.
1081 593 1239 631 struem
1267 589 1360 645 rogi
1389 602 1467 631 nec
1497 588 1680 631 vestibus
1711 601 1790 630 nec
1825 587 1921 630 odo-

65 648 255 727 {fribus
294 665 520 708 cumulant:
563 680 638 709 sua
679 667 825 723 cuique
868 681 1003 721 arma,

1053 665 1307 723 quorundam
1345 666 1428 722 igni
1477 669 1519 708 et
1563 680 1693 723 equus
1729 665 1912 709 adicitur.
1924 675 1941 699 ⁵

64 728 101 803 [3ss
123 782 129 789 ,,
143 740 378 803 sepulcrum
410 748 583 800 caespes
616 738 751 800 erigit.
794 748 1153 793 monumentorum
1183 743 1356 786 arduum
1385 746 1429 785 et
1459 756 1678 800 operosum
1708 742 1922 798 honorem,

80 801 101 823 ,›
123 807 197 877 fut
215 833 391 877 rgravem
420 819 648 876 defunctis,
696 825 984 879 aspernantur.
1018 822 1199 864 lamenta
1227 834 1275 863 ac
1304 820 1504 863 lacrimas
1521 821 1620 875 cito,
1666 820 1850 863 dolorem
1881 824 1924 863 et

145 895 352 944 tristitiam
380 897 496 964 tarde
526 903 698 956 ponunt.
732 899 895 942 feminis
926 900 1070 956 lugere
1100 898 1323 941 honestum
1353 900 1432 953 est,
1463 897 1560 940 viris
1592 898 1843 941 meminisse.

248 999 279 1029 8.
301 994 500 1029 observatur
513 999 543 1030 A
555 1000 589 1030 Ο.
613 997 793 1032 obser-vane
802 1001 841 1031 B.
855 1017 892 1023 -
906 1001 937 1031 5.
961 997 1111 1031 adicitur
1123 999 1158 1030 Ο.
1182 996 1350 1038 adiicitur
1360 998 1398 1029 A.
1421 995 1586 1035 adiicitur
1597 999 1635 1030 B.
1650 1015 1686 1021 —
1700 1001 1729 1029 8.
1742 1002 1801 1029 ‘est
1814 1008 1875 1030 om.
1888 999 1924 1030 G.

562 1055 581 1067 l

42 1087 45 1089 ·
65 1085 86 1099 ·,
145 1070 220 1112 seso
246 1082 376 1112 auctore
408 1082 492 1112 hanc
522 1091 670 1114 arvorum
690 1084 898 1115 mutationem
924 1083 1010 1114 1113111

146 1119 211 1160 &ci
219 1128 421 1167 putaverim,
432 1138 528 1168 quam
537 1126 943 1171 Dreifelderwirehschafl
950 1131 1009 1161 ho-

146 1173 200 1205 die
211 1182 374 1214 vocamus,
389 1185 491 1216 nuper
505 1177 659 1216 Roscher,
674 1178 824 1209 Hanssen
844 1178 897 1208 alii
916 1187 1010 1217 prae-

147 1221 233 1253 clare
253 1221 440 1254 docuerunt.
466 1225 558 1255 Hanc
579 1234 675 1266 agros
697 1226 823 1256 colendi
845 1226 1011 1264 rationem,

147 1277 231 1309 qnae
251 1270 346 1301 etiam
364 1272 400 1302 in
419 1272 512 1303 Italia
531 1272 776 1313 haudquaquam
802 1275 872 1304 erat
890 1273 1010 1312 ignota,

147 1315 278 1350 Tucim
306 1319 342 1348 ut
374 1319 482 1350 verbis
508 1329 586 1351 arva
611 1330 643 1360 p.
671 1330 700 1351 3.
734 1330 775 1350 111.
805 1320 1010 1358 describeret,

146 1362 219 1396 iteri
237 1372 305 1396 non
323 1366 442 1404 potuit,
463 1375 502 1398 56
523 1367 633 1405 multa,
648 1377 729 1407 quae
749 1367 803 1398 hic
826 1377 1011 1399 enumerare

146 1407 280 1452 longum
307 1415 366 1451 est,
394 1415 575 1453 ostendunt,
599 1424 670 1446 eam
697 1424 718 1446 3
748 1415 926 1453 Germanis,
956 1416 1011 1455 qui

146 1456 251 1489 'hom
277 1461 419 1500 tempore
446 1461 584 1500 fuerunt,
606 1463 679 1493 111111
706 1472 838 1502 prorsus
865 1472 931 1493 non
951 1473 1010 1502 po-

146 1503 248 1539 fflisse
275 1509 310 1538 et
335 1508 370 1538 in
401 1509 570 1541 Germania
598 1511 720 1550 aliquot
747 1511 871 1542 demum
897 1513 1010 1551 postea

146 1553 283 1585 55660115
311 1555 498 1588 innotuisse.
526 1558 627 1589 Recte
654 1568 725 1590 eam
751 1559 918 1596 rationem,
945 1568 1009 1598 qua

145 1599 181 1631 111
187 1601 289 1641 :gris
310 1602 453 1645 colendis
474 1606 525 1636 usi
547 1608 622 1636 sunt
641 1606 688 1636 illi
710 1606 871 1645 Germani,
897 1603 1010 1637 Gras-

44 1662 85 1692 ''3:ss
104 1675 113 1685 ,
139 1638 363 1690 m'relasclaafe
377 1650 505 1683 dixeris.
514 1653 635 1692 Agrum
650 1653 749 1684 semel
761 1654 814 1684 vel
826 1654 875 1684 bis
888 1656 1010 1684 aratum

147 1695 185 1732 qt
201 1696 359 1727 consitum
378 1707 437 1738 per
457 1700 566 1739 plures
588 1709 690 1731 annos
712 1701 757 1731 ita
779 1702 943 1741 quiescere
966 1702 1009 1732 si-

53 1735 276 1786 nunt,
303 1746 340 1775 ut
365 1754 424 1784 pro
451 1756 572 1786 pascuo
603 1751 689 1779 esset
717 1749 824 1788 itaque
853 1751 1010 1780 stercora—

56 1785 244 1826 “‘fflr
276 1807 314 1813 -—
347 1798 502 1834 superest
531 1794 627 1836 α96ν]
662 1796 803 1826 Verbum
836 1805 1011 1837 superesse

52 1837 234 1883 „gsfr‘tpnd
262 1839 408 1871 Tacitum
436 1851 502 1872 non
536 1852 662 1883 semper
691 1844 802 1874 eadem
838 1853 908 1875 esse
938 1854 1011 1875 5611-

52 1911 61 1927 4
146 1885 248 1917 tenth
267 1897 332 1928 qua
351 1897 535 1930 superare,
557 1888 737 1922 abundans
760 1901 846 1930 esse,
868 1892 927 1923 sed
947 1902 1014 1923 non

146 1932 251 1964 11111105
272 1935 430 1967 interdum
450 1947 581 1976 prorsus
601 1939 687 1969 idem
718 1939 826 1970 valere
853 1940 939 1979 quod
961 1949 1013 1969 re-

148 1976 278 2022 liquum
305 1992 388 2022 esse,
413 1983 574 2026 relinqui,
602 1988 678 2017 satis
700 1987 807 2018 docuit
834 1988 1014 2026 Hennings,

147 2035 180 2066 p.
201 2029 272 2066 44;
265 2038 368 2071 ager
388 2034 494 2063 autem
521 2035 692 2074 opponitur
714 2034 827 2073 arvis,
850 2038 883 2066 et
905 2045 1014 2066 omnes

148 2075 231 2114 8311,
252 2078 305 2117 qui
331 2080 551 2111 universorum
579 2084 629 2112 est
649 2083 815 2120 cultorum,
850 2091 906 2113 eas
928 2092 1013 2113 eom-

150 2122 300 2162 plectitur
325 2129 453 2166 partes,
480 2138 560 2168 quae
589 2131 677 2160 certo
707 2130 841 2169 quodam
870 2133 1014 2170 tempore

150 2179 216 2201 non
234 2171 383 2204 frumenti
403 2176 536 2215 parandi
551 2186 648 2207 031153
668 2177 826 2215 coluntur,
840 2179 1013 2217 praecipue

149 2220 256 2250 31110111
274 2229 394 2259 pascua
412 2226 569 2263 perpetua
589 2224 764 2263 (allmend).
790 2225 858 2255 Iam
878 2226 906 2256 si
927 2235 1013 2256 com-

149 2268 312 2304 paraveris
343 2269 490 2301 Caesaris
529 2271 568 2302 de
602 2272 832 2303 Germanorum
871 2275 1015 2304 veterum

149 2315 343 2354 agricultura
372 2317 462 2349 locos
493 2318 543 2349 de
554 2319 591 2349 Β.
626 2320 708 2350 Gall.
738 2322 768 2358 4,
799 2323 813 2350 1
846 2324 878 2351 et
906 2323 936 2358 6,
963 2323 1014 2358 22,

148 2361 258 2400 priore
283 2363 355 2395 loco
376 2365 470 2396 facile
498 2366 657 2397 concedas
680 2367 720 2397 de
750 2368 906 2408 singulari
934 2378 1013 2408 quo-

149 2407 222 2440 dam
251 2409 427 2443 Sueborum
456 2413 512 2443 illo
542 2416 685 2453 tempore
711 2417 867 2454 perpetuo
891 2415 1013 2446 bellan-

148 2457 227 2488 tium
251 2467 313 2490 usu
339 2461 526 2500 scriptorem
551 2461 650 2501 loqui,
679 2465 821 2493 ceterum
850 2463 1014 2503 utriusque

148 2505 212 2536 loci
238 2508 443 2548 praecipuam
469 2510 534 2540 vim
568 2519 634 2540 non
661 2510 706 2540 ita
734 2511 867 2541 multum
896 2510 1014 2541 distare

149 2554 190 2585 ab
211 2555 272 2594 eis,
294 2565 376 2596 qnae
399 2557 528 2588 Tacitus
549 2558 699 2598 prodidit.
720 2559 807 2589 Nihil
830 2568 945 2590 causae
966 2561 1016 2590 est

149 2610 207 2633 cur
227 2603 323 2634 etiem
345 2604 446 2635 Taciti
467 2607 572 2636 aetate
600 2609 728 2646 praeter
748 2606 837 2646 ipsas
859 2606 1015 2636 cultorum

149 2648 260 2681 domos
295 2653 390 2692 atque
424 2653 608 2684 adiacentes
641 2654 753 2684 hortos
789 2663 900 2694 agrum
930 2654 1015 2693 apud

150 2696 328 2729 Germanos
362 2699 519 2738 privatum
547 2710 613 2732 non
648 2701 747 2732 fuisse
783 2711 947 2741 negemus.
976 2718 1014 2724 —-

149 2741 268 2776 labore
297 2744 512 2789 contendunt]
539 2758 629 2787 „non
650 2748 684 2778 id
705 2752 878 2788 quaerunt,
901 2752 936 2779 ut
956 2749 1014 2779 im·

149 2792 251 2831 probo
271 2793 381 2824 labore
408 2795 536 2826 uberius
559 2796 653 2826 etiam
679 2806 717 2826 ac
739 2805 839 2836 prope
867 2797 1015 2835 amplius,

150 2847 245 2879 quam
265 2843 378 2880 suapte
399 2844 513 2873 natura
534 2846 594 2881 est,
617 2844 719 2874 solum
740 2844 891 2880 efficiant,
906 2846 942 2874 ut
962 2844 1015 2874 1116

149 2888 293 2926 pomaria
313 2888 473 2928 plantent,
495 2890 561 2920 illic
582 2893 675 2930 prata
696 2894 847 2930 separent
868 2891 908 2921 ab
930 2891 1014 2921 arvis

150 2934 282 2972 (etenim
295 2944 484 2975 pascuorum
504 2938 581 2968 setis
602 2938 706 2977 ipsum
721 2938 825 2969 solum
846 2939 884 2968 iis
901 2940 1014 2977 sponte

150 2982 301 3036 praebet,
329 2986 363 3014 ut
390 2985 484 3015 nobis
517 2985 674 3015 Helvetiis
702 2986 825 3025 Alpes),
848 2995 951 3025 neque
980 2988 1016 3015 ut

149 3028 254 3061 11151115
276 3030 499 3073 oblectationis
527 3033 631 3072 gratia
662 3033 757 3064 flores
785 3034 819 3063 in
843 3034 944 3063 hortis
972 3033 1014 3062 ri-

150 3077 222 3117 guis
245 3077 396 3116 colant“;
418 3079 534 3118 quibus
556 3080 703 3110 omnibus
726 3081 941 3110 Romanorum
963 3089 1014 3110 31·-

150 3124 350 3164 tificiosam,'
341 3135 436 3157 immo
451 3127 646 3158 luxuriosam
661 3129 926 3167 agricolationem
942 3136 1014 3166 pcr-

152 3172 287 3213 stringit.
314 3173 363 3204 De
386 3174 484 3225 pratis
511 3175 566 3205 cfr.
589 3175 741 3214 imprimis
767 3175 963 3206 Columellee
987 3176 1015 3210 2,

155 3220 209 3249 1'1:
226 3219 439 3251 necessarius
456 3220 590 3251 aratori
605 3219 716 3252 cultus
733 3225 780 3251 ese
795 3220 897 3251 etiam
910 3219 1016 3261 prati,

153 3264 212 3296 cui
236 3270 362 3298 veteres
384 3265 529 3299 Romam·
549 3268 681 3310 primas
707 3267 745 3299 in
768 3266 1015 3309 agricolatione

152 3309 355 3345 tribuerunt.
385 3332 423 3338 -—-
452 3324 545 3356 56963
574 3314 823 3357 imperaturJ„
834 3316 934 3345 solam
964 3324 1014 3345 se-

119 3387 122 3390 ,
153 3362 260 3400 getem
281 3371 301 3392 3
320 3365 407 3393 terra
433 3366 468 3393 ut
490 3363 630 3394 debitum
659 3363 842 3394 mortalibus
867 3363 1016 3393 tributum

1057 1081 1273 1122 requirunt“;
1302 1081 1461 1112 rhetorice
1489 1090 1549 1121 pro
1571 1091 1578 1111 z
1611 1082 1827 1120 „frumentum
1853 1083 1924 1112 1311-

1057 1129 1219 1160 tummodo
1242 1138 1284 1160 ex
1298 1138 1450 1169 agrorum
1472 1129 1596 1160 culture.
1613 1130 1799 1169 quaerunt“.
1811 1146 1849 1151 -
1863 1138 1925 1160 an-

1057 1185 1138 1206 num
1167 1185 1298 1218 quoque
1327 1174 1350 1206 i.
1374 1176 1451 1215 εει]
1486 1177 1511 1206 Ι.
1543 1177 1663 1207 Grimm
1692 1177 1767 1207 olim
1794 1177 1925 1217 Mythol.

1060 1226 1118 1255 718
1147 1224 1230 1254 11366
1259 1225 1361 1255 Taciti
1389 1224 1490 1254 verba
1517 1233 1583 1254 non
1613 1225 1660 1255 ita
1678 1227 1828 1255 accurata
1854 1233 1925 1256 esse

1057 1280 1163 1311 neque
1200 1272 1340 1302 omnium
1372 1272 1603 1302 Germanorum
1633 1272 1667 1302 in
1695 1274 1760 1303 tres
1788 1274 1925 1303 tantum-

1057 1319 1153 1349 modo
1168 1321 1276 1358 partes
1297 1328 1416 1349 annum
1431 1318 1595 1350 dividendi
1610 1328 1809 1350 communem
1827 1319 1927 1351 fuisse

1058 1374 1151 1396 usum
1172 1366 1308 1404 censuit,
1330 1365 1389 1396 sed
1410 1366 1474 1396 3110
1495 1366 1584 1404 1000,
1608 1366 1646 1396 G.
1668 1367 1707 1397 D.
1727 1366 1758 1397 S.
1779 1376 1853 1407 pag.
1877 1369 1926 1406 74,

1058 1413 1127 1452 ipse
1150 1422 1185 1443 56
1215 1414 1348 1453 corrigit
1375 1415 1472 1453 atque
1493 1414 1538 1444 ita
1566 1416 1653 1444 recte
1674 1414 1755 1444 haec
1783 1414 1928 1445 Tacitum

1060 1460 1164 1491 dicere
1194 1461 1332 1499 iudicat,
1354 1461 1382 1491 si
1412 1461 1452 1491 de
1481 1463 1650 1499 autumno,
1672 1471 1765 1501 quem
1791 1462 1927 1493 Romani

1059 1508 1177 1545 dicunt,
1206 1508 1240 1538 11.
1263 1517 1292 1538 e.
1323 1507 1363 1539 de
1386 1508 1548 1539 vindemia
1569 1510 1602 1538 et
1628 1517 1733 1539 messe
1762 1518 1927 1548 pomorum

1057 1555 1290 1594 intellegamus.
1311 1555 1521 1594 Vocabulum,
1543 1555 1628 1595 quod
1650 1558 1699 1586 est
1710 1556 1801 1596 Agls.
1823 1552 1928 1586 laear-

1055 1602 1131 1643 fest,
1143 1603 1255 1634 Theot.
1279 1600 1418 1644 hev-pist,
1437 1603 1616 1634 recentiore
1639 1603 1764 1634 demum
1784 1606 1927 1644 tempore

1058 1652 1225 1687 eamxanni
1254 1654 1378 1691 partem
1408 1651 1591 1691 significare
1620 1652 1736 1691 eoepit,
1754 1661 1836 1691 quae
1866 1660 1928 1682 au-

1059 1702 1196 1729 tumnus
1236 1708 1255 1730 3
1293 1699 1446 1730 Romanis
1478 1699 1651 1730 dicebatur.
1690 1695 1782 1729 Veris
1813 1709 1929 1730 nomen

1058 1747 1092 1776 in
1124 1747 1235 1786 lingua
1269 1749 1332 1777 vet.
1355 1747 1470 1777 Theot.
1505 1744 1677 1777 estffenzo
1711 1747 1777 1778 sive
1809 1744 1930 1788 lenzin,

1060 1794 1147 1833 quod
1186 1795 1250 1824 iam
1286 1804 1327 1825 ex
1359 1794 1512 1833 ampliore
1553 1794 1655 1825 forma
1693 1792 1838 1836 lenqizin
1877 1804 1929 1826 or-

1059 1843 1127 1871 tum
1160 1851 1230 1872 esse
1263 1842 1400 1872 videtur.
1431 1841 1495 1872 Sed
1527 1843 1686 1882 antiquius
1715 1845 1766 1873 est
1793 1843 1928 1883 populo-

1060 1900 1130 1921 rum
1152 1890 1327 1920 borealium
1355 1891 1420 1920 πᾶν
1442 1889 1585 1920 eiusdem
1606 1890 1723 1920 radicis
1745 1898 1825 1928 vas,
1847 1900 1928 1930 quae

1062 1938 1172 1969 subest
1203 1938 1327 1968 Graeco
1350 1927 1418 1980 ἔαρ
1439 1938 1460 1967 i.
1483 1947 1510 1967 e.
1532 1934 1668 1980 Γέσαρ,
1681 1938 1795 1968 Latino
1817 1939 1877 1968 υὲν
1898 1939 1929 1968 11.

1062 1995 1090 2016 e.
1122 1993 1215 2015 veser
1243 1986 1303 2015 cet.
1335 1985 1383 2015 Cf.
1414 1983 1579 2023 Aufrecht,
1600 1985 1759 2016 Zeitschr.
1787 1985 1839 2016 fiir
1865 1986 1930 2026 vgl.

1064 2033 1135 2071 Spr.
1157 2032 1182 2069 Ι,
1206 2033 1266 2062 350
1297 2041 1367 2071 sqq.
1391 2031 1595 2071 Significatur
1622 2033 1684 2063 hoc
1712 2033 1870 2063 vocabulo
1890 2033 1929 2062 li—

1063 2079 1194 2119 quidum
1221 2079 1403 2118 laetumque
1427 2081 1563 2118 tempus,
1586 2080 1671 2119 quod
1697 2080 1819 2110 tristem
1842 2080 1931 2123 cxci}

1062 2127 1110 2166 pit
1123 2127 1269 2158 hiemem.
1294 2123 1432 2163 Winter,
1457 2127 1548 2156 Gotis
1570 2125 1713 2165 υἱηινιιε,
1734 2130 1830 2166 atque
1844 2126 1930 2166 apud

1063 2182 1120 2205 eos
1150 2175 1244 2205 etiam
1278 2176 1313 2204 ut
1347 2179 1492 2204 nostrum
1525 2171 1674 2215 luuprisi
1692 2172 1776 2204 anni
1802 2183 1930 2212 nomen,

1063 2232 1153 2261 num,
1184 2222 1269 2262 quod
1297 2223 1363 2252 Leo
1396 2222 1497 2252 Meier
1525 2222 1693 2260 existimat,
1715 2222 1859 2253 eiusdem
1889 2223 1930 2253 sit

1062 2270 1178 2301 radicis
1201 2271 1289 2300 cuius
1306 2270 1501 2300 Graecorum
1515 2265 1640 2307 Γέτος,
1661 2269 1781 2300 dubito.
1803 2267 1931 2300 Sumar

1063 2318 1252 2348 vocabulum
1288 2317 1383 2347 nobis
1422 2326 1607 2356 comparare
1642 2317 1719 2348 licet
1756 2327 1827 2348 cum
1856 2317 1929 2348 Hib.

1062 2362 1205 2395 samhra
1219 2362 1327 2400 (samh
1351 2365 1399 2395 sol
1422 2367 1454 2395 et
1475 2364 1605 2404 aestas).
1621 2365 1721 2396 Totus
1735 2374 1838 2396 annus
1853 2374 1930 2396 con-

1062 2413 1178 2443 iunctis
1200 2412 1315 2443 hiemis
1337 2415 1370 2443 et
1390 2413 1522 2443 aestatis
1550 2413 1731 2444 nominibus
1757 2414 1861 2452 potuit
1881 2413 1930 2443 in-

1063 2461 1173 2498 dicari,
1195 2460 1284 2490 velut
1306 2461 1340 2490 in
1362 2461 1501 2491 carmine
1525 2461 1564 2491 de
1588 2460 1826 2492 Hildebrando:

1103 2505 1165 2538 Ich
1187 2505 1326 2539 wallb‘ta
1353 2517 1493 2539 sumar-o
1517 2507 1586 2539 enti
1607 2508 1731 2539 wintro
1754 2507 1888 2551 sehstae'q.

1064 2555 1214 2586 Ceterum
1242 2556 1375 2586 Diibner
1396 2556 1439 2586 ad
1468 2556 1570 2586 Taciti
1600 2557 1698 2587 verba
1727 2557 1808 2588 haec
1829 2566 1929 2587 anno·

1063 2604 1162 2634 tavit:
1187 2602 1281 2639 Quod
1302 2603 1440 2643 Anglica
1455 2603 1566 2643 lingua
1587 2613 1696 2634 verum
1712 2613 1783 2635 esse
1805 2605 1929 2644 probat,

1064 2661 1128 2691 qua
1156 2661 1222 2688 ver,
1251 2654 1375 2689 aestas,
1405 2651 1506 2682 hiems
1538 2652 1736 2682 Germanicis
1767 2652 1929 2682 vocabulis

1064 2699 1212 2729 dicuntur
1241 2697 1380 2740 spring,
1408 2708 1571 2736 summer,
1599 2697 1733 2736 πεῖναι-ν,
1760 2702 1930 2730 autumnus

1063 2747 1176 2777 Latine
1216 2750 1368 2776 autumn.
1403 2746 1483 2776 Nam
1518 2744 1654 2776 harvest
1693 2746 1929 2785 (Germanicum

1065 2791 1188 2831 lter-bst)
1212 2794 1290 2832 ipsis
1311 2794 1473 2833 significat
1494 2802 1639 2823 messem.

1106 2843 1154 2871 27.
1177 2841 1225 2871 Ι)6
1248 2841 1413 2871 funeribus
1431 2842 1660 2871 Germanorum
1679 2840 1851 2880 diligenter
1864 2840 1928 2871 dis-

1063 2890 1231 2919 seruerunt
1252 2888 1282 2918 J.
1308 2888 1438 2925 Grimm,
1459 2886 1540 2918 iiber
1562 2885 1624 2917 dus
1646 2885 1851 2918 vetbrennen
1872 2885 1930 2917 der

1063 2933 1210 2970 leit-hen,
1231 2935 1419 2972 Weinhold‚
1450 2933 1501 2965 die
1533 2932 1724 2965 laeidnische
1751 2932 1928 2965 Todeenbe-

1061 2986 1239 3023 stallmeq,
1265 2982 1487 3022 Sitzungsber.
1518 2983 1576 3013 der
1605 2982 1929 3013 Wiener-Akademie

1063 3029 1195 3067 XXIX,
1223 3039 1254 3068 p.
1283 3032 1343 3061 167
1375 3039 1461 3069 sqq.,
1489 3030 1657 3060 Ettmiiller
1684 3030 1718 3059 in
1747 3030 1842 3060 docto
1870 3038 1928 3060 suo

1063 3077 1225 3116 prooemio
1248 3077 1393 3107 Beovulfi
1416 3077 1669 3116 interpretationi
1694 3078 1880 3116 praemisso,
1895 3086 1930 3115 p.

1064 3127 1102 3154 52
1126 3134 1206 3164 sqq„
1230 3123 1413 3161 Weinhold,
1434 3124 1472 3154 N.
1495 3124 1532 3154 L.
1554 3133 1584 3163 p.
1614 3126 1675 3154 474
1699 3134 1769 3163 sqq.
1793 3140 1829 3145 —-
1854 3132 1929 3153 am-

1065 3168 1158 3210 bicio]
1189 3173 1223 3201 ut
1244 3171 1333 3209 apud
1362 3171 1534 3208 Romanos,
1557 3171 1609 3210 qui
1639 3171 1733 3201 otium
1766 3170 1929 3201 funeribus

1064 3228 1157 3258 quam
1185 3219 1321 3249 maxime
1351 3219 1545 3257 sumptuosis
1574 3221 1606 3249 et
1628 3217 1710 3248 ludis
1728 3216 1929 3257 ‘gladiatoriis

1064 3267 1103 3296 ab
1125 3266 1296 3297 heredibus
1327 3266 1421 3297 editis
1443 3266 1554 3305 populi
1587 3266 1728 3296 favorem
1750 3264 1928 3303 captabant.

1066 3313 1117 3342 Sic
1150 3316 1230 3344 teste
1260 3314 1366 3344 Plinio
1390 3315 1439 3351 88,
1471 3315 1519 3350 10,
1552 3315 1590 3343 47
1619 3323 1648 3343 a.
1670 3322 1700 3342 u.
1730 3322 1757 3342 0.
1780 3314 1839 3341 745
1868 3311 1927 3341 lsi·

1065 3361 1160 3391 dorus
1182 3361 1315 3392 libertus
1334 3359 1497 3399 finierat-i
1518 3369 1552 3389 se
1576 3358 1674 3389 iussit
1699 3355 1752 3388 ΙΙ-
1766 3357 1800 3388 S.
1826 3356 1927 3387 unde-
