2176 3672
974 176 1078 234 Gap.
1100 178 1142 220 2.
1920 185 1946 225 5

163 296 243 337 ,aut
258 291 402 336 Africa
428 294 501 334 aut
517 290 644 334 Italia
672 291 815 333 relicta
835 289 1101 332 Germaniam
1119 292 1308 347 peteret,
1339 290 1559 334 informem
1578 292 1700 335 terris
1715 325 1726 347 ,
1758 308 1948 350 asperam

169 369 308 423 melo,
337 369 499 412 tristem
528 368 643 410 cultu
672 370 952 424 aspectuque,
983 367 1063 409 nisi
1098 366 1133 408 si
1162 366 1296 424 patria
1325 367 1409 410 sit?

254 482 304 523 1.
306 478 597 523 321³»ch
572 496 610 502 -
606 456 740 521 petere
759 479 797 510 B.
813 495 852 501 -
868 480 900 512 2.
921 476 990 510 nisi
1011 470 1062 517 (π’
1083 478 1123 517 C)
1145 476 1349 517 siAOflu‘si
1367 477 1418 518 (ni
1438 478 1470 510 n*
1490 479 1565 511 inde
1586 479 1771 519 facmm)B.
1790 481 1950 522 Deth.

171 533 244 570 11ίοί
262 532 297 565 εἰ
316 533 392 566 vide
404 533 502 565 Hand
523 534 618 564 Turs-
632 533 687 564 lv.
709 542 741 572 p.
757 534 828 563 239.

170 624 369 682 §hugolfi
390 641 571 672 sententiae
590 649 742 680 suaeque,
765 648 860 679 quam
874 638 949 670 olim
962 647 1038 678 pro-

168 688 291 726 haset,
303 688 559 727 interpretationi
572 687 607 717 id
619 687 749 718 officere
766 685 941 723 contendit,
951 685 1040 725 quod

170 736 207 767 11
218 735 402 767 minibus
416 744 459 766 ex
473 735 644 766 Germania
657 733 852 765 occidentali
866 733 991 764 traditis
1015 730 1042 762 T

21 763 49 826 ,ξ’
72 762 73 765 ¹
135 796 138 797 ⁷
163 784 282 816 lmen
300 792 429 824 semper
444 780 505 813 ΤΗ
521 783 712 814 sonivicem
735 782 916 812 sustineret.
945 780 1040 817 Quod

168 831 328 873 praeclui
351 831 411 862 viri
438 832 660 871 argumentum
686 838 763 860 num
793 829 828 859 in
852 829 1038 859 universum

169 877 439 917 valeassdubitare
445 879 557 908 ausim.
568 877 658 908 Idem
664 877 736 907 loco
742 875 838 907 modo
845 877 943 906 citato
949 875 1036 906 haud

407 926 453 956 ait
478 926 649 956 lectionem
678 925 869 964 optimorum
887 923 1040 954 librorum

173 969 360 1004 Mrem
381 981 442 1012 pro
458 969 644 1009 Thu-istane,
664 971 750 1011 quod
771 979 900 1008 nomen,
919 970 948 1001 si
962 978 1039 1000 con-

170 1019 259 1052 bras
280 1022 346 1051 vet.
381 1019 457 1050 Sax.
478 1017 608 1056 tlon-355,
623 1019 887 1058 Anglosaxonum
910 1014 1041 1054 chr-3⁸¹2,

170 1068 319 1099 nostrum
338 1064 460 1103 arasse,
487 1063 654 1096 audacem
676 1066 744 1097 sive
768 1073 922 1096 sever-mn
943 1073 1040 1104 posse

171 1114 356 1156 significare
380 1115 499 1144 statuit.
538 1113 603 1144 Sed
627 1122 709 1153 quae
733 1114 767 1144 in
798 1112 926 1152 optimis
949 1111 1040 1142 libris

171 1162 310 1202 legimus
325 1170 528 1201 nequaquam
540 1161 624 1191 bane
638 1159 932 1199 interpretationem
947 1158 1038 1189 adiu·

172 1210 269 1246 vant,
281 1210 404 1239 tantum
422 1207 567 1238 indicant
578 1207 745 1246 archetypi
767 1207 958 1245 scripturam
970 1205 1003 1235 11.
1018 1205 1039 1235 1.

173 1254 276 1286 fui-e
296 1254 498 1286 obscuram
511 1257 607 1294 atque
623 1253 761 1284 dubiam.
795 1253 876 1284 Gnm
890 1249 1039 1283 Marinus

172 1310 306 1343 proram
319 1301 403 1333 idm
416 1310 489 1332 esse
502 1301 674 1338 videretur,
685 1301 740 1340 qui
749 1299 903 1330 Indorum
914 1296 1039 1330 Manus

173 1347 312 1389 *quod
320 1347 439 1379 dudum
449 1347 529 1378 vidit
539 1347 776 1387 Wackernagel
791 1348 931 1386 priorem
945 1347 1039 1378 11111118

166 1394 388 1435 augmine
401 1396 524 1434 partem
537 1394 812 1434 anthropogoniae
825 1395 859 1424 in
872 1394 951 1425 Asia
965 1394 1041 1424 olim

151 1443 370 1474 ..monuo
383 1450 458 1472 8888
477 1440 623 1479 nuatum,
636 1450 658 1472 a
670 1450 747 1472 vero
761 1451 827 1472 non
842 1441 1041 1479 abhorreret,

171 1489 236 1529 ipsi
248 1488 408 1529 quondam
428 1489 658 1520 Germanorum
684 1486 876 1519 Tuistonem
899 1498 971 1519 cum
984 1490 1039 1520 In·

168 1535 285 1567 eun
311 1532 472 1566 romeon
493 1536 635 1567 conferri
647 1537 745 1567 licere
759 1537 950 1576 putavimus.
971 1537 1038 1567 Nu-

169 1582 309 1622 porrlme
339 1582 456 1614 Gurtze
482 1580 712 1623 (comentur
726 1593 770 1614 zu
786 1581 821 1614 T.
838 1582 1039 1623 Germania)

170 1628 360 1661 Tuistonem
383 1631 492 1670 potius
517 1639 589 1661 cum
612 1630 762 1661 Indorum
783 1628 893 1668 Iamo,
914 1631 1040 1671 qualem

170 1677 388 1708 musana
400 1678 544 1708 earmina
557 1678 750 1716 formarunt,
764 1687 837 1709 esse
852 1687 1039 1718 comparan-

138 1757 142 1761 ,
170 1722 248 1755 dnm
267 1724 419 1765 opinatus
441 1727 501 1762 est,
518 1721 685 1756 Tuistom's
705 1724 959 1757 autem-nomine
973 1735 1040 1756 non

171 1773 237 1803 hm
257 1768 445 1812 duplicem,
459 1781 555 1812 qnam
575 1771 743 1814 geminum
752 1795 762 1810 ,
775 1771 951 1814 yemellum
963 1774 997 1803 11.
1011 1783 1039 1804 8.

169 1815 304 1850 Ianum
318 1819 503 1859 significari.
524 1820 576 1850 Ad
591 1820 728 1851 eundem
738 1817 882 1858 lamam,
892 1823 930 1851 nt
938 1821 1039 1851 amice

169 1865 335 1897 nobiacum
345 1875 405 1906 per
413 1867 536 1898 litteras
551 1868 803 1904 communicavit,
820 1868 944 1899 Zacher
959 1868 1040 1898 Ger·

169 1921 334 1944 morum
341 1913 440 1945 refert
447 1914 552 1952 deum,
559 1916 628 1945 eius
635 1923 712 1946 vero
721 1925 838 1946 nomen
847 1913 1042 1946 Tursaemoem

169 1960 271 1992 fuisse
296 1962 486 2000 suspicatur.
522 1962 667 1993 Aliorum
685 1964 968 2002 interpretationes
988 1963 1041 1994 vel

169 2008 414 2039 allucinationes
428 2008 573 2048 proferre
589 2019 655 2040 non
676 2019 793 2049 operae
809 2012 869 2041 est.
897 2011 964 2041 Nos
978 2011 1041 2040 iam

169 2055 206 2085 in
215 2055 263 2086 eis
279 2056 521 2095 acquiescimus,
538 2065 620 2095 quae
635 2057 830 2093 Lachmann,
841 2057 1040 2087 Wackerna-

170 2101 237 2141 gel,
249 2101 445 2132 Hilllenhoff
454 2105 641 2140 statuerunt,
653 2106 750 2143 atque
765 2104 937 2134 omittimus
954 2100 1038 2133 Tui-

170 2151 300 2180 stonem
309 2148 353 2179 ad
366 2151 489 2179 certum
502 2150 662 2188 quendam
676 2152 878 2181 externarum
894 2151 1041 2190 gentium

170 2195 292 2227 referre
314 2195 409 2226 deum
432 2196 486 2226 vel
510 2197 652 2228 heroem.
674 2214 713 2220 —
736 2195 846 2237 filium
860 2194 1039 2236 Mannum]

169 2242 222 2274 De
241 2242 335 2273 11111118
359 2243 498 2274 nominis
523 2244 555 2273 vi
570 2243 628 2274 cfr.
650 2244 675 2274 1.
697 2244 818 2275 Grimm
847 2241 950 2284 Myeh.
969 2246 1040 2275 319.

170 2288 364 2320 Inuenhoff
381 2289 468 2328 apud
487 2287 650 2320 Schmidt.
671 2287 709 2320 Z.
728 2289 790 2330 fiir
815 2287 936 2320 Gescle.
952 2293 982 2328 8,
1008 2301 1040 2330 p.

171 2336 211 2366 98
225 2344 296 2376 sqq.
324 2335 560 2377 Wackernagel
575 2337 670 2367 ΖΒΔ.
684 2337 705 2367 1.
721 2338 752 2374 1.,
775 2338 929 2377 imprimis
943 2338 1041 2368 Kuhn

169 2380 209 2414 Z.
217 2382 493 2426 situ-Spruclwa.
501 2387 531 2422 4,
539 2386 579 2415 94
588 2394 658 2425 sqq.
685 2384 769 2416 Sane
780 2386 893 2425 negari
902 2394 967 2416 non
979 2395 1040 2425 po-

169 2433 237 2463 test
246 2432 476 2463 Germanomm
489 2429 611 2462 Hanni
622 2433 813 2463 vocabulum
834 2435 903 2463 arte
922 2433 1040 2464 cohae-

169 2487 242 2510 rere
251 2487 323 2510 cum
333 2479 485 2510 Indorum
495 2476 604 2510 Manu
614 2482 711 2519 atque
723 2479 798 2511 inde
807 2480 920 2510 Theot.
929 2480 1040 2510 vocab.

170 2524 343 2557 morisco
364 2535 436 2558 esse
457 2527 645 2566 profectum.
674 2527 783 2566 Ipsum
798 2524 929 2564 Manui,
947 2529 1040 2567 primi

169 2573 308 2604 hominiis
322 2574 374 2604 vel
388 2574 554 2604 hominum
564 2575 663 2614 regis,
677 2583 795 2606 nomen
806 2574 977 2605 deductum
991 2577 1042 2606 est

169 2630 191 2652 a
199 2621 269 2652 rad.
280 2629 362 2651 man
374 2621 477 2659 „nach
488 2624 588 2652 etwas
603 2622 764 2659 strecken,
775 2632 947 2659 ermessen,
961 2623 1039 2654 den-

170 2668 265 2699 kem‘
275 2668 343 2699 Iam
349 2677 447 2708 supra
453 2669 702 2709 significavimus
711 2670 1011 2710 Wackernagelium
1019 2671 1040 2700 1.

171 2715 193 2746 l.
202 2715 368 2756 suspicari,
383 2725 521 2755 emquae
533 2717 570 2746 Τ.
586 2717 626 2747 de
638 2716 791 2747 Tuistone
803 2719 835 2747 et
845 2717 963 2747 Manno
975 2719 1040 2747 tra-

170 2762 298 2799 diderit,
310 2772 376 2794 non
398 2763 440 2794 ad
456 2764 662 2795 Germanicae
678 2765 784 2804 gentis
795 2764 906 2801 solius,
927 2764 985 2794 sed
999 2764 1041 2794 ad

170 2808 334 2840 hominum
362 2811 492 2850 generis
526 2811 666 2841 universi
696 2811 851 2851 originem
879 2811 1040 2850 pertinere

173 2865 308 2897 eamque
321 2857 421 2897 mythi
435 2860 559 2896 partem
573 2859 636 2888 iam
650 2867 692 2888 ex
706 2859 786 2888 Asia
808 2858 944 2888 fortasse
960 2858 1040 2887 Ger-

171 2913 284 2935 manos
308 2904 342 2934 in
366 2914 468 2935 novas
493 2904 589 2935 sedes
614 2913 723 2935 seeum
748 2905 903 2940 attulisse,
925 2914 944 2934 a
966 2904 1039 2934 filiis

171 2950 298 2982 demum
304 2951 413 2982 Hanni
420 2952 560 2991 ipsorum
571 2952 801 2982 Germanorum
813 2951 909 2982 ordiri
921 2959 1039 2990 genea-

171 2997 300 3037 logiam,
314 3007 379 3037 qua
392 2998 515 3028 ratione
530 2998 687 3028 efficiatur
709 2998 852 3028 Tacitum
873 3006 1039 3037 perperam

170 3044 257 3075 hunc
277 3045 420 3084 mythum
442 3045 476 3075 in
496 3054 606 3076 eorum
626 3048 885 3084 argumentorum
907 3053 1039 3074 numero

171 3091 302 3129 habere,
316 3092 432 3131 quibus
447 3092 624 3122 Germanos
639 3093 671 3122 in
689 3093 829 3131 ipsorum
845 3094 940 3128 terra,
957 3100 1038 3130 quae

172 3140 249 3168 tunc
262 3147 318 3168 era
355 3140 443 3169 ortos
458 3147 530 3168 esse
542 3139 757 3169 confirmetur.
772 3137 1039 3177 Wackernagelio

172 3185 321 3216 cumaliis
364 3185 626 3224 sentiturRieger
633 3185 726 3215 ΖΒΔ.
734 3185 852 3222 Χ1,177
862 3194 930 3223 sqq.
939 3184 1037 3222 Equi-

173 3230 247 3262 dem
261 3240 328 3262 non
345 3233 530 3272 negaverim
548 3232 642 3262 etiam
659 3232 813 3271 reliquum
824 3230 966 3270 mythum
978 3230 1039 3259 iam

172 3279 247 3308 ante
257 3287 330 3309 esse
338 3278 570 3309 conformatum
578 3287 672 3317 quam
680 3278 830 3309 Germani
838 3277 1040 3308 Germaniam

1086 639 1291 678 occuparent.
1303 655 1342 660 —
1357 635 1486 677 Manno
1502 637 1566 669 tris
1578 636 1669 679 filios
1681 640 1746 679 cet]
1775 640 1820 672 Ut
1833 640 1866 671 in
1879 641 1952 672 aliis

1086 686 1287 726 genealogiis
1297 685 1455 726 mythici&
1467 687 1514 717 sic
1525 687 1559 717 in
1569 687 1630 718 hac
1639 696 1766 727 qnoque
1777 688 1871 719 tertio
1878 688 1952 719 loco

1085 734 1148 764 tria
1157 733 1300 764 membra
1305 733 1552 771 constituuntur,
1562 734 1659 774 idque
1666 734 1806 766 fabulam
1813 735 1952 766 a'l'acito

1085 782 1256 818 vetustam,
1268 789 1336 811 non
1351 783 1513 812 recentem
1529 782 1688 821 quandam
1698 782 1860 814 fictionem
1869 783 1953 814 tradi

1087 827 1166 858 satis
1186 827 1323 866 probare
1342 829 1435 858 acute
1458 828 1599 859 ostendit
1617 829 1816 860 Mullenhoff.
1842 830 1952 860 Nomi-

1087 883 1181 911 num,
1196 882 1279 914 quae
1301 874 1412 905 Hanni
1435 875 1508 906 filiis
1523 879 1615 907 erant
1632 876 1742 914 indita,
1755 877 1843 907 haud
1856 877 1951 908 dubie

1087 921 1324 959 allittemtione,
1346 921 1380 952 id
1400 922 1485 961 quod
1506 923 1532 952 1.
1547 923 1667 953 Grimm
1680 923 1723 954 M.
1738 933 1769 963 p.
1784 925 1855 961 325,
1869 924 1951 955 mil-

1088 967 1214 999 lenhoff
1222 977 1290 999 non
1302 977 1367 999 uno
1378 969 1452 999 loco
1462 969 1609 1008 probant,
1619 971 1702 1001 inter
1711 979 1747 1002 se
1758 980 1952 1002 eonexorum

1088 1014 1208 1045 formas
1221 1023 1288 1046 non
1303 1016 1407 1046 solum
1416 1017 1482 1054 alii,
1497 1017 1556 1047 sed
1566 1017 1670 1048 eidem
1679 1018 1756 1048 alibi
1763 1018 1842 1048 alias
1852 1018 1952 1049 fuisse

1089 1063 1281 1093 statuerunt.
1310 1063 1395 1093 Vero
1416 1064 1581 1103 proximae
1606 1073 1679 1095 esse
1699 1065 1849 1096 videntur
1867 1066 1953 1103 illae,

1088 1109 1200 1148 quales
1219 1110 1245 1139 Ι.
1261 1110 1382 1140 Grimm
1403 1113 1566 1150 postremo
1585 1112 1707 1151 profert
1721 1112 1814 1144 GDS.
1828 1123 1860 1153 p.
1875 1115 1951 1144 7⁷5:

1088 1153 1194 1197 Inque
1220 1157 1287 1187 sive
1312 1154 1451 1199 Ingens,
1475 1155 1573 1188 Iscus
1596 1161 1664 1190 sive
1687 1156 1807 1190 Iscvus
1833 1161 1952 1200 (potius

1088 1200 1177 1233 Istus
1193 1205 1260 1234 sive
1273 1200 1411 1243 Istum),
1432 1202 1563 1236 Irman.
1589 1207 1781 1237 Mifflenhofl'
1788 1208 1882 1238 ΖΒΔ.
1893 1207 1952 1245 lx,

1088 1252 1150 1281 250
1166 1253 1200 1281 et
1213 1251 1399 1288 Kirehhoff‚
1412 1255 1478 1293 9⁰¹·
1492 1250 1649 1283 Runena.
1663 1263 1695 1293 p.
1710 1255 1761 1291 30,
1781 1262 1828 1293 sq.
1844 1254 1884 1285 de
1897 1254 1951 1284 In-

1088 1294 1269 1337 gaevonum
1277 1298 1345 1328 sive
1354 1298 1575 1338 Ingvaeonum
1584 1301 1723 1331 auctoris
1733 1302 1860 1331 nomine
1867 1301 1952 1332 idem

1088 1344 1156 1376 fere
1172 1348 1314 1375 statuunt
1328 1346 1415 1385 quod
1430 1347 1455 1376 1.
1468 1347 1597 1377 Grimm.
1624 1348 1754 1379 Rectius
1770 1351 1876 1379 autem
1886 1351 1951 1380 ter·

1088 1392 1133 1422 tia
1158 1392 1269 1422 -littera
1308 1393 1334 1422 Τ
1373 1389 1566 1424 Istaevones
1597 1395 1666 1425 sive
1697 1392 1890 1425 lsevaeones
1919 1397 1953 1429 et

1087 1435 1214 1468 laevum
1252 1439 1348 1469 scribi
1378 1449 1444 1470 non
1472 1440 1576 1471 80111111
1604 1442 1702 1472 Plinii
1729 1442 1802 1473 libri
1824 1442 1952 1481 docent,

1087 1495 1199 1516 verum
1224 1486 1319 1516 etiam
1345 1487 1399 1517 illa
1421 1489 1625 1527 genealogia,
1652 1498 1746 1528 quam
1766 1490 1952 1521 Francones

1087 1534 1173 1565 fama
1191 1535 1341 1565 traditam
1362 1552 1400 1557 -
1423 1535 1668 1576 haudquaquam
1697 1546 1738 1567 ex
1760 1537 1873 1568 Tacito
1894 1538 1951 1569 de-

1088 1585 1223 1612 sumtam
1246 1599 1284 1604 —-
1307 1585 1525 1613 servaverunt.
1548 1583 1598 1614 De
1620 1593 1659 1614 ea
1682 1584 1723 1614 cf.
1744 1584 1850 1621 Pertz,
1864 1593 1951 1615 mon.

1091 1627 1203 1659 Germ.
1224 1629 1257 1660 X
1272 1630 1374 1667 (vm)
1390 1631 1461 1660 314.
1490 1630 1685 1661 Miillenhoff
1701 1631 1796 1662 ΖΒΔ.
1819 1632 1876 1669 lx,
1891 1634 1951 1663 249

1089 1679 1122 1706 et
1147 1677 1234 1716 apud
1258 1677 1462 1714 Mommsen„
1510 1673 1744 1708 Verzeichniss
1770 1676 1831 1708 der
1858 1676 1951 1709 Rom.

1088 1720 1275 1754 Provinzen
1296 1733 1328 1763 p.
1350 1725 1411 1754 532
1434 1733 1503 1764 sqq.
1535 1724 1626 1761 Quae
1650 1725 1764 1756 horum
1787 1727 1951 1756 nominum

1088 1770 1186 1802 fuerit
1199 1771 1260 1808 vis,
1274 1780 1333 1810 pro
1348 1773 1436 1802 certo
1449 1771 1512 1802 dici
1527 1781 1593 1803 non
1606 1774 1723 1812 potest,
1735 1773 1793 1804 sed
1804 1782 1875 1803 cum
1888 1771 1951 1803 In-

1088 1827 1189 1859 qvum
1204 1821 1236 1848 et
1250 1815 1415 1848 Irminum
1430 1821 1574 1858 spectes,
1588 1820 1760 1850 verisimile
1780 1823 1829 1851 est
1841 1820 1951 1851 admo-

1089 1864 1174 1902 dum,
1189 1865 1276 1904 quod
1288 1866 1442 1896 Miillenh.
1457 1866 1542 1905 apud
1550 1866 1701 1897 Schmidt.
1712 1868 1734 1897 l.
1743 1868 1764 1897 l.
1772 1870 1865 1899 acute
1875 1877 1951 1907 pro-

1088 1913 1165 1944 bare
1189 1913 1320 1951 studuit,
1343 1912 1546 1955 cognomina
1567 1923 1639 1945 esse
1660 1924 1849 1954 magnorum
1871 1925 1951 1955 quo·

1089 1960 1222 1991 tundam
1244 1960 1377 1991 deorum
1399 1961 1441 1991 ad
1466 1961 1648 2001 cultumque
1669 1971 1778 1992 earum
1799 1963 1951 2002 gentium,

1089 2017 1172 2046 quae
1195 2012 1238 2037 ex
1260 2008 1340 2046 ipsis
1361 2009 1545 2039 nominatae
1568 2011 1656 2046 sunt,
1671 2010 1841 2048 pertinere.
1870 2010 1952 2041 Miro

1088 2054 1234 2085 acumine
1248 2054 1486 2094 Wackernagel
1499 2055 1520 2084 1.
1535 2056 1556 2085 l.
1572 2058 1605 2085 et
1614 2056 1690 2086 alibi
1702 2056 1881 2094 suspicatus
1893 2059 1953 2094 est,

1089 2101 1229 2139 syllabas
1238 2095 1277 2122 -ἶ
1286 2099 1339 2130 isc
1348 2117 1386 2122 —-
1395 2104 1428 2132 et
1435 2117 1473 2122 —
1484 2100 1552 2142 inq,
1560 2118 1598 2123 —
1607 2102 1721 2141 quibus
1734 2103 1953 2142 patronymica

1089 2147 1275 2184 formentur,
1288 2148 1468 2178 nominibus
1479 2145 1578 2189 Inyvi
1589 2146 1718 2178 etlscrn‘
1730 2150 1847 2188 (potius
1856 2146 1950 2186 181111)

1090 2195 1246 2234 originem
1258 2194 1399 2231 dedisse,
1407 2192 1572 2225 Irminum
1580 2195 1665 2226 idem
1675 2196 1857 2236 significare
1866 2197 1951 2237 quod

1088 2245 1233 2272 nostrum
1247 2239 1333 2271 nolle.
1355 2242 1530 2272 Weinhold
1542 2243 1637 2273 ΖΒΔ.
1649 2243 1719 2280 Vn,
1732 2245 1772 2274 48
1783 2240 1950 2284 111981110-

1089 2297 1164 2319 men
1179 2289 1222 2318 ad
1244 2288 1312 2319 rad.
1328 2287 1395 2329 inq,
1417 2298 1453 2320 se
1479 2298 1619 2326 movere,
1634 2290 1733 2320 refert
1754 2293 1787 2321 et
1808 2291 1952 2322 Tacitum

1089 2336 1206 2366 erroris
1229 2336 1417 2366 insimulans
1440 2337 1578 2367 eundem
1599 2346 1671 2368 esse
1693 2338 1853 2368 existimat
1866 2338 1952 2368 hunc

1089 2383 1220 2413 heroem
1234 2385 1330 2422 atque
1346 2379 1521 2413 Mannum.
1550 2383 1621 2420 Qua
1642 2385 1790 2423 opinione
1805 2385 1951 2424 equidem

1089 2430 1339 2460 existimaverim
1353 2431 1452 2470 mythi
1468 2431 1612 2461 ordinem
1628 2440 1666 2462 ac
1685 2431 1817 2462 formam
1834 2431 1950 2462 distur-

1088 2477 1167 2507 bari.
1194 2477 1297 2513 Quam
1309 2477 1450 2508 diflicilia
1461 2479 1525 2508 sint
1536 2478 1696 2517 explicatu
1706 2479 1834 2509 nomine
1845 2487 1950 2518 gram·

1089 2525 1203 2554 matico
1225 2524 1368 2555 derivata
1381 2521 1590 2565 Ingaevones
1600 2546 1610 2562 ,
1623 2522 1832 2562 Istaevones,
1863 2522 1951 2555 Her-

1089 2570 1257 2607 minones,
1278 2572 1470 2602 Miillenhoff
1488 2571 1581 2603 docet
1601 2572 1694 2602 ΖΒΔ.
1715 2572 1736 2602 1.
1758 2572 1794 2608 1.,
1816 2572 1870 2611 qui
1892 2581 1950 2611 po-

1089 2622 1206 2650 stremo
1238 2620 1355 2650 rectius
1383 2619 1520 2650 Plinium
1554 2620 1721 2658 scripsisse
1754 2622 1864 2650 censet
1888 2616 1950 2648 In-

1087 2675 1264 2708 qcaeones,
1275 2663 1480 2703 Ιειυαεοηεε,
1494 2676 1589 2706 quam
1596 2666 1750 2702 Tacitum,
1764 2666 1850 2704 quod
1861 2666 1949 2696 vide-

1088 2716 1176 2750 atur,
1198 2710 1426 2754 Inyaevones‚
1448 2710 1656 2749 Istaevones,
1670 2721 1802 2752 quarum
1822 2712 1949 2752 quidem

1089 2761 1259 2791 formarum
1292 2761 1546 2790 terminationem
1577 2759 1710 2789 similem
1742 2767 1814 2789 esse
1842 2759 1950 2789 formis

1090 2805 1120 2838 F
1120 2806 1264 2843 risaevo,
1278 2804 1420 2837 Frisaeo
1434 2808 1546 2843 (Inscr.
1557 2807 1577 2836 1.
1589 2806 1738 2843 173,175)
1750 2805 1835 2836 haud
1843 2809 1949 2846 negat.

1089 2855 1179 2891 Quae
1200 2855 1345 2884 nationes
1360 2854 1410 2884 his
1432 2853 1613 2883 nominibus
1633 2852 1788 2883 contineri
1803 2852 1947 2882 videren-

1088 2903 1149 2938 tur,
1168 2909 1208 2931 ea
1224 2900 1265 2931 de
1282 2910 1316 2931 re
1333 2901 1422 2930 multi
1442 2900 1540 2930 multa
1561 2899 1786 2929 disseruerunt.
1818 2899 1950 2929 Praeter

1088 2950 1213 2978 ceteros
1235 2947 1275 2978 cs.
1298 2947 1332 2977 Ζ.
1353 2945 1392 2977 D.
1416 2948 1455 2977 73
1482 2955 1563 2985 sqq.,
1579 2946 1690 2982 Ukert,
1708 2943 1816 2975 Germ.
1832 2954 1862 2983 p.
1880 2946 1948 2974 194.

1088 2994 1209 3024 Grimm
1229 2994 1270 3024 M.
1286 2994 1307 3023 1.
1323 2994 1354 3030 1.,
1370 2994 1402 3023 111
1424 2992 1622 3032 praefatione
1644 2992 1686 3023 ad
1701 2992 1802 3023 Taciti
1818 2992 1947 3022 Germa-

1087 3042 1172 3071 niam
1187 3050 1218 3080 p.
1237 3041 1292 3071 lv.
1316 3040 1408 3071 GDS.
1425 3050 1454 3079 ρ.
1464 3049 1495 3079 p.
1508 3042 1584 3076 eie,
1600 3042 1676 3075 818,
1691 3041 1768 3075 630,
1785 3040 1862 3073 881,
1877 3040 1947 3073 851,

1087 3089 1158 3123 879,
1169 3086 1362 3118 Mffllenhoff
1373 3087 1457 3125 apud
1474 3086 1624 3116 Schmidt
1636 3081 1947 3123 1.1.,Waitz,deue-

1087 3132 1166 3164 sclte
1180 3130 1599 3179 Verfassgmqsqesckc'ckee
1614 3130 1655 3168 1²,
1669 3142 1700 3171 p
1712 3134 1757 3161 11.
1771 3132 1811 3161 Μ.
1820 3131 1947 3169 Rieger,

1086 3190 1280 3221 magnopere
1298 3190 1318 3211 a
1329 3181 1443 3211 ceteris
1458 3180 1647 3210 dissentiens
1660 3179 1752 3208 ΖΒΔ.
1767 3178 1823 3213 xl,
1837 3186 1867 3215 p.
1879 3178 1946 3211 177,

1087 3237 1175 3268 sqq.
1190 3228 1424 3267 Wackernagel
1443 3224 1486 3256 D.
1504 3223 1582 3256 Lite.
1597 3235 1628 3265 p.
1642 3227 1660 3255 8
1675 3225 1707 3255 id
1719 3225 1820 3255 solum
1833 3223 1947 3258 attulit,

1087 3285 1151 3306 non
1159 3275 1270 3315 lingua
1280 3276 1405 3305 interse
1419 3274 1516 3304 fuisse
1529 3272 1671 3303 diversas
1683 3280 1737 3303 888
1749 3273 1814 3301 tres
1822 3272 1945 3310 gentes,
