<?xml version="1.0" encoding="UTF-8"?>
<!DOCTYPE html PUBLIC "-//W3C//DTD XHTML 1.0 Transitional//EN"
    "http://www.w3.org/TR/xhtml1/DTD/xhtml1-transitional.dtd">
<html xmlns="http://www.w3.org/1999/xhtml" xml:lang="en" lang="en">
 <head>
  <title>
</title>
<meta http-equiv="Content-Type" content="text/html;charset=utf-8" />
  <meta name='ocr-system' content='tesseract 3.04.00' />
  <meta name='ocr-capabilities' content='ocr_page ocr_carea ocr_par ocr_line ocrx_word'/>
</head>
<body>
  <div class='ocr_page' id='page_1' title='image "./pcorneliitacitio02taciuoft_0369.png"; bbox 0 0 2176 3672; ppageno 0'>
   <div class='ocr_carea' id='block_1_1' title="bbox 703 293 1932 349">
    <p class='ocr_par' dir='ltr' id='par_1_1' title="bbox 703 293 1932 349">
     <span class='ocr_line' id='line_1_1' title="bbox 703 293 1932 349; baseline -0.002 -11"><span class='ocrx_word' id='word_1_1' title='bbox 703 295 876 338; x_wconf 82' lang='lat' dir='ltr'>LIBER</span> <span class='ocrx_word' id='word_1_2' title='bbox 904 295 959 338; x_wconf 93' lang='lat'><strong>11.</strong></span> <span class='ocrx_word' id='word_1_3' title='bbox 1018 294 1118 349; x_wconf 84' lang='lat' dir='ltr'><strong>Cap.</strong></span> <span class='ocrx_word' id='word_1_4' title='bbox 1149 294 1216 337; x_wconf 87' lang='lat'><strong>45.</strong></span> <span class='ocrx_word' id='word_1_5' title='bbox 1247 296 1315 339; x_wconf 82' lang='lat'><strong>46.</strong></span> <span class='ocrx_word' id='word_1_6' title='bbox 1343 293 1412 339; x_wconf 83' lang='lat'><strong>47.</strong></span> <span class='ocrx_word' id='word_1_7' title='bbox 1850 293 1932 336; x_wconf 82' lang='lat'><strong>347</strong></span> 
     </span>
    </p>
   </div>
   <div class='ocr_carea' id='block_1_2' title="bbox 169 408 1936 1426">
    <p class='ocr_par' dir='ltr' id='par_1_2' title="bbox 169 408 1936 1426">
     <span class='ocr_line' id='line_1_2' title="bbox 171 408 1933 465; baseline -0.002 -10"><span class='ocrx_word' id='word_1_8' title='bbox 171 413 345 456; x_wconf 89' lang='lat' dir='ltr'><strong>tendere</strong></span> <span class='ocrx_word' id='word_1_9' title='bbox 371 424 540 465; x_wconf 83' lang='lat' dir='ltr'><strong>manuS‚</strong></span> <span class='ocrx_word' id='word_1_10' title='bbox 570 414 614 454; x_wconf 88' lang='lat' dir='ltr'><strong>et</strong></span> <span class='ocrx_word' id='word_1_11' title='bbox 641 411 822 465; x_wconf 87' lang='lat' dir='ltr'><strong>proximi</strong></span> <span class='ocrx_word' id='word_1_12' title='bbox 849 422 1051 464; x_wconf 88' lang='lat' dir='ltr'><strong>prensare</strong></span> <span class='ocrx_word' id='word_1_13' title='bbox 1079 423 1238 464; x_wconf 87' lang='lat' dir='ltr'><strong>genua,</strong></span> <span class='ocrx_word' id='word_1_14' title='bbox 1267 410 1581 464; x_wconf 89' lang='lat' dir='ltr'><strong>promptissimo</strong></span> <span class='ocrx_word' id='word_1_15' title='bbox 1610 409 1748 452; x_wconf 91' lang='lat' dir='ltr'><strong>Plotio</strong></span> <span class='ocrx_word' id='word_1_16' title='bbox 1777 408 1933 451; x_wconf 87' lang='lat' dir='ltr'><strong>Firmo.</strong></span> 
     </span>
     <span class='ocr_line' id='line_1_3' title="bbox 171 488 1935 547; baseline -0.003 -11"><span class='ocrx_word' id='word_1_17' title='bbox 171 493 210 536; x_wconf 86' lang='lat' dir='ltr'><strong>is</strong></span> <span class='ocrx_word' id='word_1_18' title='bbox 238 491 443 547; x_wconf 86' lang='lat' dir='ltr'><strong>praetorii</strong></span> <span class='ocrx_word' id='word_1_19' title='bbox 471 490 713 546; x_wconf 77' lang='lat' dir='ltr'><strong>praefectus</strong></span> <span class='ocrx_word' id='word_1_20' title='bbox 741 490 973 533; x_wconf 84' lang='lat' dir='ltr'><strong>identidem</strong></span> <span class='ocrx_word' id='word_1_21' title='bbox 1001 489 1172 543; x_wconf 87' lang='lat' dir='ltr'><strong>orabat,</strong></span> <span class='ocrx_word' id='word_1_22' title='bbox 1212 502 1266 532; x_wconf 89' lang='lat' dir='ltr'><strong>ne</strong></span> <span class='ocrx_word' id='word_1_23' title='bbox 1304 488 1553 533; x_wconf 87' lang='lat' dir='ltr'><strong>fidissimum</strong></span> <span class='ocrx_word' id='word_1_24' title='bbox 1590 490 1841 542; x_wconf 87' lang='lat' dir='ltr'><strong>exercitum,</strong></span> <span class='ocrx_word' id='word_1_25' title='bbox 1881 501 1935 531; x_wconf 90' lang='lat' dir='ltr'><strong>ne</strong></span> 
     </span>
     <span class='ocr_line' id='line_1_4' title="bbox 171 562 1933 626; baseline -0.002 -11"><span class='ocrx_word' id='word_1_26' title='bbox 171 572 342 626; x_wconf 72' lang='lat' dir='ltr'><strong>optime</strong></span> <span class='ocrx_word' id='word_1_27' title='bbox 359 562 535 615; x_wconf 85' lang='lat' dir='ltr'><strong>meritos</strong></span> <span class='ocrx_word' id='word_1_28' title='bbox 564 570 722 613; x_wconf 80' lang='lat' dir='ltr'><strong>milites</strong></span> <span class='ocrx_word' id='word_1_29' title='bbox 750 570 986 612; x_wconf 89' lang='lat' dir='ltr'><strong>desereret:</strong></span> <span class='ocrx_word' id='word_1_30' title='bbox 1023 569 1186 612; x_wconf 89' lang='lat' dir='ltr'><strong>maiore</strong></span> <span class='ocrx_word' id='word_1_31' title='bbox 1214 570 1354 612; x_wconf 89' lang='lat' dir='ltr'><strong>animo</strong></span> <span class='ocrx_word' id='word_1_32' title='bbox 1392 569 1568 612; x_wconf 88' lang='lat' dir='ltr'><strong>tolerari</strong></span> <span class='ocrx_word' id='word_1_33' title='bbox 1597 570 1778 612; x_wconf 88' lang='lat' dir='ltr'><strong>adversa</strong></span> <span class='ocrx_word' id='word_1_34' title='bbox 1806 581 1933 623; x_wconf 87' lang='lat' dir='ltr'><strong>quam</strong></span> 
     </span>
     <span class='ocr_line' id='line_1_5' title="bbox 170 648 1934 706; baseline -0.002 -11"><span class='ocrx_word' id='word_1_35' title='bbox 170 650 375 706; x_wconf 82' lang='lat' dir='ltr'><strong>relinqui3</strong></span> <span class='ocrx_word' id='word_1_36' title='bbox 403 650 536 694; x_wconf 86' lang='lat' dir='ltr'><strong>fortes</strong></span> <span class='ocrx_word' id='word_1_37' title='bbox 563 653 607 693; x_wconf 90' lang='lat' dir='ltr'><strong>et</strong></span> <span class='ocrx_word' id='word_1_38' title='bbox 624 652 821 693; x_wconf 91' lang='lat' dir='ltr'><strong>strenuos</strong></span> <span class='ocrx_word' id='word_1_39' title='bbox 840 650 970 692; x_wconf 91' lang='lat' dir='ltr'><strong>etiam</strong></span> <span class='ocrx_word' id='word_1_40' title='bbox 990 653 1136 692; x_wconf 88' lang='lat' dir='ltr'><strong>contra</strong></span> <span class='ocrx_word' id='word_1_41' title='bbox 1164 648 1377 692; x_wconf 88' lang='lat' dir='ltr'><strong>fortunam</strong></span> <span class='ocrx_word' id='word_1_42' title='bbox 1406 649 1601 692; x_wconf 85' lang='lat' dir='ltr'><strong>insistere</strong></span> <span class='ocrx_word' id='word_1_43' title='bbox 1629 650 1732 703; x_wconf 90' lang='lat' dir='ltr'><strong>spei,</strong></span> <span class='ocrx_word' id='word_1_44' title='bbox 1762 648 1934 691; x_wconf 89' lang='lat' dir='ltr'><strong>timidos</strong></span> 
     </span>
     <span class='ocr_line' id='line_1_6' title="bbox 172 728 1935 786; baseline -0.002 -11"><span class='ocrx_word' id='word_1_45' title='bbox 172 734 218 775; x_wconf 90' lang='lat' dir='ltr'><strong>et</strong></span> <span class='ocrx_word' id='word_1_46' title='bbox 244 731 418 786; x_wconf 85' lang='lat' dir='ltr'><strong>ignavos</strong></span> <span class='ocrx_word' id='word_1_47' title='bbox 449 731 504 773; x_wconf 86' lang='lat' dir='ltr'><strong>ad</strong></span> <span class='ocrx_word' id='word_1_48' title='bbox 532 729 870 784; x_wconf 86' lang='lat' dir='ltr'><strong>desperationem</strong></span> <span class='ocrx_word' id='word_1_49' title='bbox 909 728 1133 772; x_wconf 87' lang='lat' dir='ltr'><strong>formidine</strong></span> <span class='ocrx_word' id='word_1_50' title='bbox 1171 742 1412 784; x_wconf 90' lang='lat' dir='ltr'><strong>properare.</strong></span> <span class='ocrx_word' id='word_1_51' title='bbox 1456 741 1563 783; x_wconf 83' lang='lat' dir='ltr'><strong>quas</strong></span> <span class='ocrx_word' id='word_1_52' title='bbox 1593 729 1704 772; x_wconf 89' lang='lat' dir='ltr'><strong>inter</strong></span> <span class='ocrx_word' id='word_1_53' title='bbox 1733 740 1857 772; x_wconf 85' lang='lat' dir='ltr'><strong>voces</strong></span> <span class='ocrx_word' id='word_1_54' title='bbox 1886 731 1935 770; x_wconf 95' lang='lat' dir='ltr'><strong>ut</strong></span> 
     </span>
     <span class='ocr_line' id='line_1_7' title="bbox 171 808 1936 865; baseline -0.002 -10"><span class='ocrx_word' id='word_1_55' title='bbox 171 809 346 855; x_wconf 86' lang='lat' dir='ltr'><strong>flexerat</strong></span> <span class='ocrx_word' id='word_1_56' title='bbox 363 810 526 858; x_wconf 84' lang='lat' dir='ltr'><strong>voltum</strong></span> <span class='ocrx_word' id='word_1_57' title='bbox 543 813 619 853; x_wconf 86' lang='lat' dir='ltr'><strong>aut</strong></span> <span class='ocrx_word' id='word_1_58' title='bbox 637 810 912 852; x_wconf 86' lang='lat' dir='ltr'><strong>induraverat</strong></span> <span class='ocrx_word' id='word_1_59' title='bbox 931 809 1057 862; x_wconf 87' lang='lat' dir='ltr'><strong>Otho,</strong></span> <span class='ocrx_word' id='word_1_60' title='bbox 1088 809 1245 852; x_wconf 88' lang='lat' dir='ltr'><strong>clamor</strong></span> <span class='ocrx_word' id='word_1_61' title='bbox 1273 813 1316 853; x_wconf 92' lang='lat' dir='ltr'><strong>et</strong></span> <span class='ocrx_word' id='word_1_62' title='bbox 1344 809 1537 865; x_wconf 86' lang='lat' dir='ltr'><strong>gemitus.</strong></span> <span class='ocrx_word' id='word_1_63' title='bbox 1580 821 1657 852; x_wconf 88' lang='lat' dir='ltr'><strong>nec</strong></span> <span class='ocrx_word' id='word_1_64' title='bbox 1676 808 1936 863; x_wconf 89' lang='lat' dir='ltr'><strong>praetoriani</strong></span> 
     </span>
     <span class='ocr_line' id='line_1_8' title="bbox 170 888 1934 945; baseline -0.002 -10"><span class='ocrx_word' id='word_1_65' title='bbox 170 894 359 945; x_wconf 89' lang='lat' dir='ltr'><strong>tantum,</strong></span> <span class='ocrx_word' id='word_1_66' title='bbox 387 890 585 945; x_wconf 90' lang='lat' dir='ltr'><strong>proprius</strong></span> <span class='ocrx_word' id='word_1_67' title='bbox 615 889 795 933; x_wconf 91' lang='lat' dir='ltr'><strong>Othonis</strong></span> <span class='ocrx_word' id='word_1_68' title='bbox 823 889 967 943; x_wconf 91' lang='lat' dir='ltr'><strong>miles,</strong></span> <span class='ocrx_word' id='word_1_69' title='bbox 997 890 1072 932; x_wconf 90' lang='lat' dir='ltr'><strong>sed</strong></span> <span class='ocrx_word' id='word_1_70' title='bbox 1102 890 1326 944; x_wconf 88' lang='lat' dir='ltr'><strong>praemissi</strong></span> <span class='ocrx_word' id='word_1_71' title='bbox 1355 902 1379 932; x_wconf 89' lang='lat' dir='ltr'><strong>e</strong></span> <span class='ocrx_word' id='word_1_72' title='bbox 1407 890 1569 932; x_wconf 89' lang='lat' dir='ltr'><strong>Moesia</strong></span> <span class='ocrx_word' id='word_1_73' title='bbox 1598 889 1773 932; x_wconf 89' lang='lat' dir='ltr'><strong>eandem</strong></span> <span class='ocrx_word' id='word_1_74' title='bbox 1802 888 1934 931; x_wconf 90' lang='lat' dir='ltr'><strong>obsti-</strong></span> 
     </span>
     <span class='ocr_line' id='line_1_9' title="bbox 169 969 1934 1024; baseline -0.002 -10"><span class='ocrx_word' id='word_1_75' title='bbox 169 971 383 1015; x_wconf 74' lang='lat' dir='ltr'><strong>nationem</strong></span> <span class='ocrx_word' id='word_1_76' title='bbox 408 971 679 1014; x_wconf 83' lang='lat' dir='ltr'><strong>adventantis</strong></span> <span class='ocrx_word' id='word_1_77' title='bbox 699 971 919 1024; x_wconf 86' lang='lat' dir='ltr'><strong>exercitus,</strong></span> <span class='ocrx_word' id='word_1_78' title='bbox 949 970 1135 1023; x_wconf 88' lang='lat' dir='ltr'><strong>legiones</strong></span> <span class='ocrx_word' id='word_1_79' title='bbox 1156 970 1396 1024; x_wconf 86' lang='lat' dir='ltr'><strong>Aquileiam</strong></span> <span class='ocrx_word' id='word_1_80' title='bbox 1426 970 1640 1023; x_wconf 87' lang='lat' dir='ltr'><strong>ingressas</strong></span> <span class='ocrx_word' id='word_1_81' title='bbox 1669 969 1934 1022; x_wconf 85' lang='lat' dir='ltr'><strong>nuntiabant,</strong></span> 
     </span>
     <span class='ocr_line' id='line_1_10' title="bbox 170 1049 1933 1115; baseline -0.002 -21"><span class='ocrx_word' id='word_1_82' title='bbox 170 1053 223 1094; x_wconf 90' lang='lat' dir='ltr'><strong>ut</strong></span> <span class='ocrx_word' id='word_1_83' title='bbox 248 1063 371 1094; x_wconf 90' lang='lat' dir='ltr'><strong>nemo</strong></span> <span class='ocrx_word' id='word_1_84' title='bbox 400 1050 567 1094; x_wconf 89' lang='lat' dir='ltr'><strong>dubitet</strong></span> <span class='ocrx_word' id='word_1_85' title='bbox 589 1051 780 1105; x_wconf 90' lang='lat' dir='ltr'><strong>potuisse</strong></span> <span class='ocrx_word' id='word_1_86' title='bbox 800 1050 995 1115; x_wconf 82' lang='lat' dir='ltr'><strong>renovari</strong></span> <span class='ocrx_word' id='word_1_87' title='bbox 1014 1049 1171 1093; x_wconf 89' lang='lat' dir='ltr'><strong>bellum</strong></span> <span class='ocrx_word' id='word_1_88' title='bbox 1201 1053 1336 1103; x_wconf 87' lang='lat' dir='ltr'><strong>atrox,</strong></span> <span class='ocrx_word' id='word_1_89' title='bbox 1365 1049 1555 1104; x_wconf 89' lang='lat' dir='ltr'><strong>lugubre,</strong></span> <span class='ocrx_word' id='word_1_90' title='bbox 1584 1050 1792 1093; x_wconf 87' lang='lat' dir='ltr'><strong>incertum</strong></span> <span class='ocrx_word' id='word_1_91' title='bbox 1811 1049 1933 1092; x_wconf 88' lang='lat' dir='ltr'><strong>victis</strong></span> 
     </span>
     <span class='ocr_line' id='line_1_11' title="bbox 171 1129 1934 1185; baseline -0.001 -11"><span class='ocrx_word' id='word_1_92' title='bbox 171 1134 217 1174; x_wconf 92' lang='lat' dir='ltr'><strong>et</strong></span> <span class='ocrx_word' id='word_1_93' title='bbox 234 1130 478 1174; x_wconf 86' lang='lat' dir='ltr'><strong>victoribus.</strong></span> <span class='ocrx_word' id='word_1_94' title='bbox 537 1130 630 1185; x_wconf 87' lang='lat'><strong>(47)</strong></span> <span class='ocrx_word' id='word_1_95' title='bbox 661 1131 752 1185; x_wconf 92' lang='lat' dir='ltr'><strong>ipse</strong></span> <span class='ocrx_word' id='word_1_96' title='bbox 773 1142 949 1174; x_wconf 86' lang='lat' dir='ltr'><strong>aversus</strong></span> <span class='ocrx_word' id='word_1_97' title='bbox 970 1143 996 1173; x_wconf 85' lang='lat' dir='ltr'><strong>a</strong></span> <span class='ocrx_word' id='word_1_98' title='bbox 1017 1130 1204 1173; x_wconf 89' lang='lat' dir='ltr'><strong>consiliis</strong></span> <span class='ocrx_word' id='word_1_99' title='bbox 1222 1129 1325 1173; x_wconf 91' lang='lat' dir='ltr'><strong>belli</strong></span> <span class='ocrx_word' id='word_1_100' title='bbox 1355 1130 1517 1183; x_wconf 91' lang='lat' dir='ltr'><strong>„hunc“</strong></span> <span class='ocrx_word' id='word_1_101' title='bbox 1547 1130 1686 1184; x_wconf 90' lang='lat' dir='ltr'><strong>inquit</strong></span> <span class='ocrx_word' id='word_1_102' title='bbox 1709 1130 1934 1183; x_wconf 86' lang='lat' dir='ltr'><strong>„animum,</strong></span> 
     </span>
     <span class='ocr_line' id='line_1_12' title="bbox 171 1210 1936 1264; baseline -0.002 -10"><span class='ocrx_word' id='word_1_103' title='bbox 171 1210 281 1254; x_wconf 83' lang='lat' dir='ltr'><strong>hanc</strong></span> <span class='ocrx_word' id='word_1_104' title='bbox 309 1211 511 1254; x_wconf 85' lang='lat' dir='ltr'><strong>virtutem</strong></span> <span class='ocrx_word' id='word_1_105' title='bbox 540 1215 726 1254; x_wconf 83' lang='lat' dir='ltr'><strong>vestram</strong></span> <span class='ocrx_word' id='word_1_106' title='bbox 754 1210 871 1254; x_wconf 87' lang='lat' dir='ltr'><strong>ultra</strong></span> <span class='ocrx_word' id='word_1_107' title='bbox 898 1210 1097 1264; x_wconf 89' lang='lat' dir='ltr'><strong>periculis</strong></span> <span class='ocrx_word' id='word_1_108' title='bbox 1127 1210 1293 1254; x_wconf 88' lang='lat' dir='ltr'><strong>obicere</strong></span> <span class='ocrx_word' id='word_1_109' title='bbox 1321 1211 1446 1253; x_wconf 91' lang='lat' dir='ltr'><strong>nimis</strong></span> <span class='ocrx_word' id='word_1_110' title='bbox 1477 1211 1636 1264; x_wconf 86' lang='lat' dir='ltr'><strong>grande</strong></span> <span class='ocrx_word' id='word_1_111' title='bbox 1667 1210 1780 1253; x_wconf 86' lang='lat' dir='ltr'><strong>vitae</strong></span> <span class='ocrx_word' id='word_1_112' title='bbox 1817 1221 1936 1251; x_wconf 90' lang='lat' dir='ltr'><strong>meae</strong></span> 
     </span>
     <span class='ocr_line' id='line_1_13' title="bbox 170 1289 1933 1346; baseline -0.002 -12"><span class='ocrx_word' id='word_1_113' title='bbox 170 1291 357 1345; x_wconf 90' lang='lat' dir='ltr'><strong>pretium</strong></span> <span class='ocrx_word' id='word_1_114' title='bbox 385 1294 502 1346; x_wconf 91' lang='lat' dir='ltr'><strong>puto.</strong></span> <span class='ocrx_word' id='word_1_115' title='bbox 546 1294 704 1346; x_wconf 88' lang='lat' dir='ltr'><strong>quanto</strong></span> <span class='ocrx_word' id='word_1_116' title='bbox 732 1290 830 1345; x_wconf 91' lang='lat' dir='ltr'><strong>plus</strong></span> <span class='ocrx_word' id='word_1_117' title='bbox 859 1291 952 1344; x_wconf 89' lang='lat' dir='ltr'><strong>spei</strong></span> <span class='ocrx_word' id='word_1_118' title='bbox 982 1291 1219 1344; x_wconf 83' lang='lat' dir='ltr'><strong>ostenditis,</strong></span> <span class='ocrx_word' id='word_1_119' title='bbox 1249 1291 1288 1333; x_wconf 89' lang='lat' dir='ltr'><strong>si</strong></span> <span class='ocrx_word' id='word_1_120' title='bbox 1306 1290 1449 1334; x_wconf 88' lang='lat' dir='ltr'><strong>vivere</strong></span> <span class='ocrx_word' id='word_1_121' title='bbox 1467 1291 1668 1345; x_wconf 85' lang='lat' dir='ltr'><strong>placeret,</strong></span> <span class='ocrx_word' id='word_1_122' title='bbox 1699 1293 1818 1332; x_wconf 86' lang='lat' dir='ltr'><strong>tanto</strong></span> <span class='ocrx_word' id='word_1_123' title='bbox 1838 1289 1933 1344; x_wconf 93' lang='lat' dir='ltr'><strong>pul-</strong></span> 
     </span>
     <span class='ocr_line' id='line_1_14' title="bbox 172 1370 1935 1426; baseline -0.001 -11"><span class='ocrx_word' id='word_1_124' title='bbox 172 1370 314 1415; x_wconf 81' lang='lat' dir='ltr'><strong>chrior</strong></span> <span class='ocrx_word' id='word_1_125' title='bbox 349 1384 464 1415; x_wconf 90' lang='lat' dir='ltr'><strong>mors</strong></span> <span class='ocrx_word' id='word_1_126' title='bbox 498 1371 593 1415; x_wconf 88' lang='lat' dir='ltr'><strong>erit.</strong></span> <span class='ocrx_word' id='word_1_127' title='bbox 638 1372 803 1426; x_wconf 86' lang='lat' dir='ltr'><strong>experti</strong></span> <span class='ocrx_word' id='word_1_128' title='bbox 841 1371 884 1413; x_wconf 90' lang='lat' dir='ltr'><strong>in</strong></span> <span class='ocrx_word' id='word_1_129' title='bbox 914 1371 1047 1414; x_wconf 88' lang='lat' dir='ltr'><strong>vicem</strong></span> <span class='ocrx_word' id='word_1_130' title='bbox 1076 1383 1222 1414; x_wconf 90' lang='lat' dir='ltr'><strong>sumus</strong></span> <span class='ocrx_word' id='word_1_131' title='bbox 1252 1383 1329 1425; x_wconf 91' lang='lat' dir='ltr'><strong>ego</strong></span> <span class='ocrx_word' id='word_1_132' title='bbox 1359 1383 1408 1414; x_wconf 88' lang='lat' dir='ltr'><strong>ac</strong></span> <span class='ocrx_word' id='word_1_133' title='bbox 1436 1370 1616 1414; x_wconf 90' lang='lat' dir='ltr'><strong>fortuna.</strong></span> <span class='ocrx_word' id='word_1_134' title='bbox 1661 1383 1738 1414; x_wconf 92' lang='lat' dir='ltr'><strong>nec</strong></span> <span class='ocrx_word' id='word_1_135' title='bbox 1767 1374 1935 1425; x_wconf 87' lang='lat' dir='ltr'><strong>tempus</strong></span> 
     </span>
    </p>
   </div>
   <div class='ocr_carea' id='block_1_3' title="bbox 263 1502 1614 1572">
    <p class='ocr_par' dir='ltr' id='par_1_3' title="bbox 263 1502 1614 1572">
     <span class='ocr_line' id='line_1_15' title="bbox 263 1502 1614 1572; baseline -0.001 -9"><span class='ocrx_word' id='word_1_136' title='bbox 263 1533 282 1563; x_wconf 84' lang='lat'>1</span> <span class='ocrx_word' id='word_1_137' title='bbox 316 1534 350 1564; x_wconf 86' lang='lat' dir='ltr'><strong>et</strong></span> <span class='ocrx_word' id='word_1_138' title='bbox 372 1531 433 1563; x_wconf 72' lang='lat' dir='ltr'><strong>del.</strong></span> <span class='ocrx_word' id='word_1_139' title='bbox 456 1532 495 1563; x_wconf 79' lang='lat' dir='ltr'><strong>L.</strong></span> <span class='ocrx_word' id='word_1_140' title='bbox 519 1531 653 1572; x_wconf 63' lang='lat' dir='ltr'><strong>Spengel</strong></span> <span class='ocrx_word' id='word_1_141' title='bbox 741 1534 763 1563; x_wconf 80' lang='lat'>4</span> <span class='ocrx_word' id='word_1_142' title='bbox 796 1531 928 1563; x_wconf 85' lang='lat' dir='ltr'><strong>insistre</strong></span> <span class='ocrx_word' id='word_1_143' title='bbox 1021 1533 1039 1563; x_wconf 87' lang='grc'><strong>’1</strong></span> <span class='ocrx_word' id='word_1_144' title='bbox 1073 1502 1208 1572; x_wconf 52' lang='lat' dir='ltr'><strong>propius</strong></span> <span class='ocrx_word' id='word_1_145' title='bbox 1231 1532 1307 1572; x_wconf 74' lang='lat' dir='ltr'><strong>(sio)</strong></span> <span class='ocrx_word' id='word_1_146' title='bbox 1399 1531 1420 1562; x_wconf 82' lang='lat'>8</span> <span class='ocrx_word' id='word_1_147' title='bbox 1444 1532 1553 1571; x_wconf 88' lang='lat' dir='ltr'><strong>aquile</strong></span> <span class='ocrx_word' id='word_1_148' title='bbox 1576 1532 1614 1563; x_wconf 68' lang='grc' dir='ltr'><strong>Ῑιῑ</strong></span> 
     </span>
    </p>
   </div>
   <div class='ocr_carea' id='block_1_4' title="bbox 169 1578 646 1620">
    <p class='ocr_par' dir='ltr' id='par_1_4' title="bbox 169 1578 646 1620">
     <span class='ocr_line' id='line_1_16' title="bbox 169 1578 646 1620; baseline -0.002 -11"><span class='ocrx_word' id='word_1_149' title='bbox 169 1586 327 1618; x_wconf 67' lang='lat' dir='ltr'><strong>superser-</strong></span> <span class='ocrx_word' id='word_1_150' title='bbox 351 1578 416 1620; x_wconf 83' lang='lat' dir='ltr'><strong>lm)</strong></span> <span class='ocrx_word' id='word_1_151' title='bbox 510 1580 550 1610; x_wconf 80' lang='lat'><strong>12</strong></span> <span class='ocrx_word' id='word_1_152' title='bbox 575 1578 646 1618; x_wconf 67' lang='lat' dir='ltr'><strong>ptifi</strong></span> 
     </span>
    </p>
   </div>
   <div class='ocr_carea' id='block_1_5' title="bbox 1706 1530 1934 1573">
    <p class='ocr_par' dir='ltr' id='par_1_5' title="bbox 1706 1530 1934 1573">
     <span class='ocr_line' id='line_1_17' title="bbox 1706 1530 1934 1573; baseline 0 -11"><span class='ocrx_word' id='word_1_153' title='bbox 1706 1531 1876 1563; x_wconf 76' lang='lat' dir='ltr'><strong>nuntiabat</strong></span> <span class='ocrx_word' id='word_1_154' title='bbox 1899 1530 1934 1573; x_wconf 91' lang='lat' dir='ltr'><strong>(n</strong></span> 
     </span>
    </p>
   </div>
   <div class='ocr_carea' id='block_1_6' title="bbox 169 1712 1933 1811">
    <p class='ocr_par' dir='ltr' id='par_1_6' title="bbox 169 1712 1933 1811">
     <span class='ocr_line' id='line_1_18' title="bbox 169 1712 1933 1767; baseline -0.002 -19"><span class='ocrx_word' id='word_1_155' title='bbox 169 1717 191 1758; x_wconf 66' lang='grc'>5</span> <span class='ocrx_word' id='word_1_156' title='bbox 210 1717 283 1748; x_wconf 76' lang='lat'>145.</span> <span class='ocrx_word' id='word_1_157' title='bbox 310 1733 352 1739; x_wconf 89' lang='lat'>—</span> <span class='ocrx_word' id='word_1_158' title='bbox 382 1716 487 1747; x_wconf 62' lang='lat' dir='ltr'><strong>Pheia</strong></span> <span class='ocrx_word' id='word_1_159' title='bbox 504 1713 625 1759; x_wconf 60' lang='lat' dir='ltr'><strong>firmo]</strong></span> <span class='ocrx_word' id='word_1_160' title='bbox 652 1715 750 1754; x_wconf 86' lang='lat' dir='ltr'><strong>„Duo</strong></span> <span class='ocrx_word' id='word_1_161' title='bbox 765 1715 923 1755; x_wconf 83' lang='lat' dir='ltr'><strong>praefecti</strong></span> <span class='ocrx_word' id='word_1_162' title='bbox 938 1724 1031 1755; x_wconf 87' lang='lat' dir='ltr'><strong>prae-</strong></span> <span class='ocrx_word' id='word_1_163' title='bbox 1047 1712 1052 1767; x_wconf 71' lang='grc'><strong>1</strong></span> <span class='ocrx_word' id='word_1_164' title='bbox 1068 1716 1165 1755; x_wconf 79' lang='lat' dir='ltr'><strong>quasi</strong></span> <span class='ocrx_word' id='word_1_165' title='bbox 1185 1717 1310 1747; x_wconf 81' lang='lat' dir='ltr'><strong>rumori</strong></span> <span class='ocrx_word' id='word_1_166' title='bbox 1329 1716 1430 1746; x_wconf 58' lang='lat' dir='ltr'><strong>minius</strong></span> <span class='ocrx_word' id='word_1_167' title='bbox 1461 1714 1628 1746; x_wconf 75' lang='lat' dir='ltr'><strong>crederem.</strong></span> <span class='ocrx_word' id='word_1_168' title='bbox 1677 1715 1720 1745; x_wconf 82' lang='lat' dir='ltr'><strong>Et</strong></span> <span class='ocrx_word' id='word_1_169' title='bbox 1743 1714 1842 1753; x_wconf 85' lang='lat' dir='ltr'><strong>addit,</strong></span> <span class='ocrx_word' id='word_1_170' title='bbox 1867 1724 1933 1745; x_wconf 87' lang='lat' dir='ltr'><strong>me-</strong></span> 
     </span>
     <span class='ocr_line' id='line_1_19' title="bbox 170 1771 1932 1811; baseline -0.002 -6"><span class='ocrx_word' id='word_1_171' title='bbox 170 1773 256 1805; x_wconf 71' lang='lat' dir='ltr'><strong>torio</strong></span> <span class='ocrx_word' id='word_1_172' title='bbox 279 1773 341 1805; x_wconf 78' lang='lat' dir='ltr'><strong>sub</strong></span> <span class='ocrx_word' id='word_1_173' title='bbox 365 1772 507 1811; x_wconf 80' lang='lat' dir='ltr'><strong>Othone,</strong></span> <span class='ocrx_word' id='word_1_174' title='bbox 531 1772 656 1803; x_wconf 87' lang='lat' dir='ltr'><strong>Plotius</strong></span> <span class='ocrx_word' id='word_1_175' title='bbox 673 1773 803 1803; x_wconf 81' lang='lat' dir='ltr'><strong>Firmus</strong></span> <span class='ocrx_word' id='word_1_176' title='bbox 828 1775 861 1803; x_wconf 91' lang='lat' dir='ltr'><strong>et</strong></span> <span class='ocrx_word' id='word_1_177' title='bbox 885 1771 1031 1803; x_wconf 72' lang='lat' dir='ltr'><strong>Licinius</strong></span> <span class='ocrx_word' id='word_1_178' title='bbox 1067 1776 1196 1804; x_wconf 86' lang='lat' dir='ltr'><strong>tuentes</strong></span> <span class='ocrx_word' id='word_1_179' title='bbox 1218 1774 1375 1804; x_wconf 89' lang='lat' dir='ltr'><strong>ultionem</strong></span> <span class='ocrx_word' id='word_1_180' title='bbox 1399 1773 1439 1803; x_wconf 86' lang='lat' dir='ltr'><strong>de</strong></span> <span class='ocrx_word' id='word_1_181' title='bbox 1454 1772 1519 1803; x_wconf 86' lang='lat' dir='ltr'><strong>alio</strong></span> <span class='ocrx_word' id='word_1_182' title='bbox 1542 1772 1738 1811; x_wconf 79' lang='lat' dir='ltr'><strong>imperatore</strong></span> <span class='ocrx_word' id='word_1_183' title='bbox 1762 1772 1932 1811; x_wconf 79' lang='lat' dir='ltr'><strong>cogitasse.</strong></span> 
     </span>
    </p>
   </div>
   <div class='ocr_carea' id='block_1_7' title="bbox 168 1824 1034 3013">
    <p class='ocr_par' dir='ltr' id='par_1_7' title="bbox 168 1824 1034 3013">
     <span class='ocr_line' id='line_1_20' title="bbox 169 1824 1034 1873; baseline -0.002 -12"><span class='ocrx_word' id='word_1_184' title='bbox 169 1829 329 1861; x_wconf 77' lang='lat' dir='ltr'><strong>Proculus</strong></span> <span class='ocrx_word' id='word_1_185' title='bbox 353 1827 385 1873; x_wconf 89' lang='lat'><strong>(1</strong></span> <span class='ocrx_word' id='word_1_186' title='bbox 399 1853 408 1869; x_wconf 94' lang='lat'><strong>,</strong></span> <span class='ocrx_word' id='word_1_187' title='bbox 433 1829 513 1871; x_wconf 79' lang='lat'><strong>46),</strong></span> <span class='ocrx_word' id='word_1_188' title='bbox 536 1838 597 1860; x_wconf 91' lang='lat' dir='ltr'><strong>nec</strong></span> <span class='ocrx_word' id='word_1_189' title='bbox 619 1829 703 1860; x_wconf 84' lang='lat' dir='ltr'><strong>alios</strong></span> <span class='ocrx_word' id='word_1_190' title='bbox 727 1839 864 1869; x_wconf 81' lang='lat' dir='ltr'><strong>usquam</strong></span> <span class='ocrx_word' id='word_1_191' title='bbox 887 1824 1034 1860; x_wconf 81' lang='lat' dir='ltr'><strong>nomin&#39;at</strong></span> 
     </span>
     <span class='ocr_line' id='line_1_21' title="bbox 170 1884 1032 1927; baseline -0.001 -8"><span class='ocrx_word' id='word_1_192' title='bbox 170 1887 311 1919; x_wconf 73' lang='lat' dir='ltr'><strong>Tacitus.</strong></span> <span class='ocrx_word' id='word_1_193' title='bbox 358 1887 446 1918; x_wconf 88' lang='lat' dir='ltr'><strong>Hinc</strong></span> <span class='ocrx_word' id='word_1_194' title='bbox 467 1887 555 1927; x_wconf 82' lang='lat' dir='ltr'><strong>apud</strong></span> <span class='ocrx_word' id='word_1_195' title='bbox 576 1887 664 1917; x_wconf 83' lang='lat' dir='ltr'><strong>Plut.</strong></span> <span class='ocrx_word' id='word_1_196' title='bbox 689 1885 765 1917; x_wconf 83' lang='lat' dir='ltr'><strong>oth.</strong></span> <span class='ocrx_word' id='word_1_197' title='bbox 794 1887 834 1916; x_wconf 87' lang='grc'><strong>18</strong></span> <span class='ocrx_word' id='word_1_198' title='bbox 858 1895 919 1926; x_wconf 89' lang='lat' dir='ltr'><strong>pro</strong></span> <span class='ocrx_word' id='word_1_199' title='bbox 943 1884 1032 1918; x_wconf 84' lang='grc' dir='ltr'>Πολ·</span> 
     </span>
     <span class='ocr_line' id='line_1_22' title="bbox 171 1940 1033 1987; baseline -0.006 -9"><span class='ocrx_word' id='word_1_200' title='bbox 171 1942 287 1982; x_wconf 79' lang='grc' dir='ltr'><strong>λίωνος</strong></span> <span class='ocrx_word' id='word_1_201' title='bbox 319 1942 379 1977; x_wconf 84' lang='grc' dir='ltr'><strong>τοῦ</strong></span> <span class='ocrx_word' id='word_1_202' title='bbox 416 1941 529 1985; x_wconf 80' lang='grc' dir='ltr'>ἑτέρου</span> <span class='ocrx_word' id='word_1_203' title='bbox 563 1942 630 1976; x_wconf 77' lang='grc' dir='ltr'><strong>τῶν</strong></span> <span class='ocrx_word' id='word_1_204' title='bbox 666 1940 822 1987; x_wconf 77' lang='grc' dir='ltr'>ἐπάρχων</span> <span class='ocrx_word' id='word_1_205' title='bbox 860 1943 1033 1982; x_wconf 88' lang='lat' dir='ltr'><strong>legendum</strong></span> 
     </span>
     <span class='ocr_line' id='line_1_23' title="bbox 170 1999 1032 2040; baseline -0.003 -7"><span class='ocrx_word' id='word_1_206' title='bbox 170 2002 303 2034; x_wconf 81' lang='lat' dir='ltr'><strong>videtur</strong></span> <span class='ocrx_word' id='word_1_207' title='bbox 338 1999 496 2034; x_wconf 79' lang='grc' dir='ltr'><strong>Πλωτίου</strong></span> <span class='ocrx_word' id='word_1_208' title='bbox 534 2003 615 2040; x_wconf 60' lang='lat' dir='ltr'><strong>cet„</strong></span> <span class='ocrx_word' id='word_1_209' title='bbox 656 2000 719 2032; x_wconf 84' lang='lat' dir='ltr'><strong>nisi</strong></span> <span class='ocrx_word' id='word_1_210' title='bbox 758 2000 833 2031; x_wconf 83' lang='lat' dir='ltr'><strong>huic</strong></span> <span class='ocrx_word' id='word_1_211' title='bbox 870 2000 1032 2031; x_wconf 88' lang='lat' dir='ltr'><strong>Pollionis</strong></span> 
     </span>
     <span class='ocr_line' id='line_1_24' title="bbox 171 2058 1033 2099; baseline -0.002 -9"><span class='ocrx_word' id='word_1_212' title='bbox 171 2068 352 2099; x_wconf 83' lang='lat' dir='ltr'><strong>cognomen</strong></span> <span class='ocrx_word' id='word_1_213' title='bbox 387 2058 467 2096; x_wconf 77' lang='lat' dir='ltr'><strong>fuit,</strong></span> <span class='ocrx_word' id='word_1_214' title='bbox 506 2058 593 2097; x_wconf 87' lang='lat' dir='ltr'><strong>quod</strong></span> <span class='ocrx_word' id='word_1_215' title='bbox 625 2067 725 2088; x_wconf 89' lang='lat' dir='ltr'><strong>unum</strong></span> <span class='ocrx_word' id='word_1_216' title='bbox 755 2058 818 2089; x_wconf 84' lang='lat' dir='ltr'><strong>diei</strong></span> <span class='ocrx_word' id='word_1_217' title='bbox 850 2060 1033 2097; x_wconf 82' lang='lat' dir='ltr'><strong>superest.“</strong></span> 
     </span>
     <span class='ocr_line' id='line_1_25' title="bbox 172 2114 1032 2155; baseline -0.005 -7"><span class='ocrx_word' id='word_1_218' title='bbox 172 2117 269 2148; x_wconf 71' lang='lat' dir='ltr'>LIPS.</span> <span class='ocrx_word' id='word_1_219' title='bbox 292 2132 338 2139; x_wconf 93' lang='lat'><em>—</em></span> <span class='ocrx_word' id='word_1_220' title='bbox 359 2116 480 2146; x_wconf 71' lang='lat' dir='ltr'><strong>maiore</strong></span> <span class='ocrx_word' id='word_1_221' title='bbox 496 2115 601 2146; x_wconf 82' lang='lat' dir='ltr'><strong>animo</strong></span> <span class='ocrx_word' id='word_1_222' title='bbox 623 2115 760 2145; x_wconf 79' lang='lat' dir='ltr'><strong>tolerari</strong></span> <span class='ocrx_word' id='word_1_223' title='bbox 780 2114 931 2155; x_wconf 78' lang='lat' dir='ltr'><strong>adversa]</strong></span> <span class='ocrx_word' id='word_1_224' title='bbox 954 2115 1032 2154; x_wconf 83' lang='lat' dir='ltr'><strong>Lip-</strong></span> 
     </span>
     <span class='ocr_line' id='line_1_26' title="bbox 171 2172 1029 2213; baseline -0.005 -8"><span class='ocrx_word' id='word_1_225' title='bbox 171 2174 239 2205; x_wconf 77' lang='lat' dir='ltr'><strong>sius</strong></span> <span class='ocrx_word' id='word_1_226' title='bbox 274 2177 405 2213; x_wconf 85' lang='lat' dir='ltr'><strong>praeter</strong></span> <span class='ocrx_word' id='word_1_227' title='bbox 443 2173 526 2204; x_wconf 83' lang='lat' dir='ltr'><strong>alios</strong></span> <span class='ocrx_word' id='word_1_228' title='bbox 564 2173 654 2203; x_wconf 85' lang='lat' dir='ltr'><strong>locos</strong></span> <span class='ocrx_word' id='word_1_229' title='bbox 693 2175 861 2211; x_wconf 84' lang='lat' dir='ltr'><strong>comparat</strong></span> <span class='ocrx_word' id='word_1_230' title='bbox 894 2172 1029 2202; x_wconf 84' lang='lat' dir='ltr'><strong>Aristot.</strong></span> 
     </span>
     <span class='ocr_line' id='line_1_27' title="bbox 169 2223 1032 2273; baseline -0.001 -12"><span class='ocrx_word' id='word_1_231' title='bbox 169 2230 247 2261; x_wconf 79' lang='lat' dir='ltr'><strong>Eth-</strong></span> <span class='ocrx_word' id='word_1_232' title='bbox 270 2230 397 2261; x_wconf 79' lang='lat' dir='ltr'><strong>Nicom.</strong></span> <span class='ocrx_word' id='word_1_233' title='bbox 420 2231 460 2269; x_wconf 84' lang='lat'><strong>3,</strong></span> <span class='ocrx_word' id='word_1_234' title='bbox 488 2232 527 2261; x_wconf 86' lang='lat'><strong>11</strong></span> <span class='ocrx_word' id='word_1_235' title='bbox 563 2229 717 2273; x_wconf 72' lang='lat' dir='ltr'><strong>(lllea,</strong></span> <span class='ocrx_word' id='word_1_236' title='bbox 743 2227 800 2269; x_wconf 79' lang='lat'><strong>12)</strong></span> <span class='ocrx_word' id='word_1_237' title='bbox 832 2225 870 2262; x_wconf 85' lang='grc' dir='ltr'><strong>τὸ</strong></span> <span class='ocrx_word' id='word_1_238' title='bbox 897 2223 928 2262; x_wconf 89' lang='grc' dir='ltr'><strong>δ’</strong></span> <span class='ocrx_word' id='word_1_239' title='bbox 953 2223 1032 2261; x_wconf 76' lang='grc' dir='ltr'><strong>αἶπο-</strong></span> 
     </span>
     <span class='ocr_line' id='line_1_28' title="bbox 170 2279 1031 2329; baseline -0.003 -9"><span class='ocrx_word' id='word_1_240' title='bbox 170 2282 330 2328; x_wconf 58' lang='lat' dir='ltr'><strong>Manem</strong></span> <span class='ocrx_word' id='word_1_241' title='bbox 353 2282 520 2329; x_wconf 77' lang='grc' dir='ltr'>φεύγοντα</span> <span class='ocrx_word' id='word_1_242' title='bbox 549 2284 663 2319; x_wconf 71' lang='grc' dir='ltr'><strong>πενίαν</strong></span> <span class='ocrx_word' id='word_1_243' title='bbox 688 2279 712 2327; x_wconf 80' lang='grc' dir='ltr'>ἦ</span> <span class='ocrx_word' id='word_1_244' title='bbox 738 2282 848 2326; x_wconf 78' lang='grc' dir='ltr'>ἔρωτα</span> <span class='ocrx_word' id='word_1_245' title='bbox 871 2279 897 2326; x_wconf 75' lang='grc' dir='ltr'>ἦ</span> <span class='ocrx_word' id='word_1_246' title='bbox 921 2295 954 2318; x_wconf 85' lang='grc' dir='ltr'><strong>τι</strong></span> <span class='ocrx_word' id='word_1_247' title='bbox 978 2286 1031 2317; x_wconf 81' lang='grc' dir='ltr'><strong>λυ-</strong></span> 
     </span>
     <span class='ocr_line' id='line_1_29' title="bbox 169 2338 1031 2386; baseline -0.005 -9"><span class='ocrx_word' id='word_1_248' title='bbox 169 2340 278 2386; x_wconf 76' lang='grc' dir='ltr'><strong>πηρὸν</strong></span> <span class='ocrx_word' id='word_1_249' title='bbox 301 2339 364 2376; x_wconf 72' lang='grc' dir='ltr'><strong>οὐκ</strong></span> <span class='ocrx_word' id='word_1_250' title='bbox 387 2339 560 2385; x_wconf 78' lang='grc' dir='ltr'>ἀνδρείου,</span> <span class='ocrx_word' id='word_1_251' title='bbox 584 2338 670 2376; x_wconf 81' lang='grc' dir='ltr'><strong>α’λλὰ</strong></span> <span class='ocrx_word' id='word_1_252' title='bbox 695 2341 817 2384; x_wconf 83' lang='grc' dir='ltr'><strong>μᾶλλον</strong></span> <span class='ocrx_word' id='word_1_253' title='bbox 841 2340 963 2376; x_wconf 84' lang='grc' dir='ltr'><strong>δειλοῦ.</strong></span> <span class='ocrx_word' id='word_1_254' title='bbox 989 2359 1031 2365; x_wconf 90' lang='lat'>-</span> 
     </span>
     <span class='ocr_line' id='line_1_30' title="bbox 170 2399 1031 2441; baseline -0.002 -9"><span class='ocrx_word' id='word_1_255' title='bbox 170 2405 206 2431; x_wconf 71' lang='lat' dir='ltr'><strong>uc</strong></span> <span class='ocrx_word' id='word_1_256' title='bbox 237 2399 379 2441; x_wconf 68' lang='lat' dir='ltr'><strong>flexerat]</strong></span> <span class='ocrx_word' id='word_1_257' title='bbox 418 2404 539 2440; x_wconf 79' lang='lat' dir='ltr'><strong>„prout</strong></span> <span class='ocrx_word' id='word_1_258' title='bbox 572 2401 667 2431; x_wconf 84' lang='lat' dir='ltr'><strong>vultu</strong></span> <span class='ocrx_word' id='word_1_259' title='bbox 702 2400 945 2439; x_wconf 80' lang='lat' dir='ltr'><strong>significaverat</strong></span> <span class='ocrx_word' id='word_1_260' title='bbox 979 2399 1031 2430; x_wconf 76' lang='lat' dir='ltr'><strong>his</strong></span> 
     </span>
     <span class='ocr_line' id='line_1_31' title="bbox 169 2457 1032 2489; baseline -0.002 0"><span class='ocrx_word' id='word_1_261' title='bbox 169 2457 308 2489; x_wconf 76' lang='lat' dir='ltr'><strong>vocibus</strong></span> <span class='ocrx_word' id='word_1_262' title='bbox 331 2467 367 2489; x_wconf 85' lang='lat' dir='ltr'><strong>se</strong></span> <span class='ocrx_word' id='word_1_263' title='bbox 391 2457 589 2489; x_wconf 82' lang='lat' dir='ltr'><strong>commoveri</strong></span> <span class='ocrx_word' id='word_1_264' title='bbox 613 2460 668 2487; x_wconf 88' lang='lat' dir='ltr'><strong>aut</strong></span> <span class='ocrx_word' id='word_1_265' title='bbox 684 2460 885 2488; x_wconf 77' lang='lat' dir='ltr'><strong>constantem</strong></span> <span class='ocrx_word' id='word_1_266' title='bbox 900 2466 1032 2487; x_wconf 85' lang='lat' dir='ltr'><strong>manere</strong></span> 
     </span>
     <span class='ocr_line' id='line_1_32' title="bbox 169 2511 1030 2557; baseline -0.002 -11"><span class='ocrx_word' id='word_1_267' title='bbox 169 2515 205 2546; x_wconf 88' lang='lat' dir='ltr'><strong>in</strong></span> <span class='ocrx_word' id='word_1_268' title='bbox 227 2515 430 2555; x_wconf 79' lang='lat' dir='ltr'><strong>proposito.“</strong></span> <span class='ocrx_word' id='word_1_269' title='bbox 462 2515 598 2546; x_wconf 68' lang='lat' dir='ltr'><strong>Dur-:im</strong></span> <span class='ocrx_word' id='word_1_270' title='bbox 626 2532 668 2537; x_wconf 83' lang='lat'><strong>—-</strong></span> <span class='ocrx_word' id='word_1_271' title='bbox 693 2514 813 2546; x_wconf 84' lang='lat' dir='ltr'><strong>clamor</strong></span> <span class='ocrx_word' id='word_1_272' title='bbox 835 2518 865 2545; x_wconf 72' lang='lat' dir='ltr'><strong>et</strong></span> <span class='ocrx_word' id='word_1_273' title='bbox 886 2511 1030 2557; x_wconf 72' lang='lat' dir='ltr'><strong>yemitus]</strong></span> 
     </span>
     <span class='ocr_line' id='line_1_33' title="bbox 171 2571 1033 2612; baseline -0.005 -7"><span class='ocrx_word' id='word_1_274' title='bbox 171 2571 359 2605; x_wconf 77' lang='lat' dir='ltr'><strong>Clamorem</strong></span> <span class='ocrx_word' id='word_1_275' title='bbox 390 2573 537 2612; x_wconf 78' lang='lat' dir='ltr'><strong>intellige</strong></span> <span class='ocrx_word' id='word_1_276' title='bbox 569 2572 776 2610; x_wconf 81' lang='lat' dir='ltr'><strong>laetantium,</strong></span> <span class='ocrx_word' id='word_1_277' title='bbox 813 2571 869 2602; x_wconf 91' lang='lat' dir='ltr'><strong>ubi</strong></span> <span class='ocrx_word' id='word_1_278' title='bbox 898 2571 1033 2602; x_wconf 77' lang='lat' dir='ltr'><strong>flexerat</strong></span> 
     </span>
     <span class='ocr_line' id='line_1_34' title="bbox 170 2628 1031 2670; baseline -0.002 -10"><span class='ocrx_word' id='word_1_279' title='bbox 170 2629 309 2670; x_wconf 83' lang='lat' dir='ltr'><strong>vultum,</strong></span> <span class='ocrx_word' id='word_1_280' title='bbox 333 2633 499 2669; x_wconf 84' lang='lat' dir='ltr'><strong>tamquam</strong></span> <span class='ocrx_word' id='word_1_281' title='bbox 515 2629 727 2661; x_wconf 75' lang='lat' dir='ltr'><strong>obsecuturus</strong></span> <span class='ocrx_word' id='word_1_282' title='bbox 743 2629 883 2660; x_wconf 87' lang='lat' dir='ltr'><strong>militum</strong></span> <span class='ocrx_word' id='word_1_283' title='bbox 899 2628 1031 2668; x_wconf 77' lang='lat' dir='ltr'><strong>studiis3</strong></span> 
     </span>
     <span class='ocr_line' id='line_1_35' title="bbox 168 2686 1031 2727; baseline -0.001 -10"><span class='ocrx_word' id='word_1_284' title='bbox 168 2687 313 2726; x_wconf 62' lang='lat' dir='ltr'><strong>aarum</strong></span> <span class='ocrx_word' id='word_1_285' title='bbox 328 2687 519 2727; x_wconf 84' lang='lat' dir='ltr'><strong>dolentium,</strong></span> <span class='ocrx_word' id='word_1_286' title='bbox 542 2686 598 2718; x_wconf 89' lang='lat' dir='ltr'><strong>ubi</strong></span> <span class='ocrx_word' id='word_1_287' title='bbox 620 2687 842 2726; x_wconf 83' lang='lat' dir='ltr'><strong>induraverat,</strong></span> <span class='ocrx_word' id='word_1_288' title='bbox 867 2690 1031 2725; x_wconf 76' lang='lat' dir='ltr'><strong>tamquam</strong></span> 
     </span>
     <span class='ocr_line' id='line_1_36' title="bbox 171 2743 1032 2782; baseline -0.005 -6"><span class='ocrx_word' id='word_1_289' title='bbox 171 2744 301 2776; x_wconf 74' lang='lat' dir='ltr'><strong>consilii</strong></span> <span class='ocrx_word' id='word_1_290' title='bbox 333 2748 450 2776; x_wconf 82' lang='lat' dir='ltr'><strong>certus.</strong></span> <span class='ocrx_word' id='word_1_291' title='bbox 485 2745 573 2776; x_wconf 70' lang='lat' dir='ltr'><strong>Ean.</strong></span> <span class='ocrx_word' id='word_1_292' title='bbox 605 2762 649 2767; x_wconf 89' lang='lat'><em>-</em></span> <span class='ocrx_word' id='word_1_293' title='bbox 684 2743 818 2782; x_wconf 71' lang='lat' dir='ltr'><strong>leyiones</strong></span> <span class='ocrx_word' id='word_1_294' title='bbox 850 2743 1032 2782; x_wconf 76' lang='lat' dir='ltr'><strong>Aquileiam</strong></span> 
     </span>
     <span class='ocr_line' id='line_1_37' title="bbox 171 2800 1031 2842; baseline -0.005 -8"><span class='ocrx_word' id='word_1_295' title='bbox 171 2801 343 2842; x_wconf 64' lang='lat' dir='ltr'><strong>isser-esaan]</strong></span> <span class='ocrx_word' id='word_1_296' title='bbox 376 2803 429 2834; x_wconf 92' lang='lat' dir='ltr'><strong>De</strong></span> <span class='ocrx_word' id='word_1_297' title='bbox 459 2802 602 2833; x_wconf 77' lang='lat' dir='ltr'><strong>Moesiae</strong></span> <span class='ocrx_word' id='word_1_298' title='bbox 634 2800 817 2841; x_wconf 83' lang='lat' dir='ltr'><strong>legionibus</strong></span> <span class='ocrx_word' id='word_1_299' title='bbox 850 2800 954 2831; x_wconf 86' lang='lat' dir='ltr'><strong>tribus</strong></span> <span class='ocrx_word' id='word_1_300' title='bbox 984 2801 1031 2830; x_wconf 88' lang='lat' dir='ltr'><strong>lo-</strong></span> 
     </span>
     <span class='ocr_line' id='line_1_38' title="bbox 172 2858 1029 2899; baseline -0.001 -10"><span class='ocrx_word' id='word_1_301' title='bbox 172 2858 296 2899; x_wconf 81' lang='lat' dir='ltr'><strong>quitur,</strong></span> <span class='ocrx_word' id='word_1_302' title='bbox 330 2859 371 2891; x_wconf 92' lang='lat' dir='ltr'><strong>de</strong></span> <span class='ocrx_word' id='word_1_303' title='bbox 404 2859 524 2898; x_wconf 83' lang='lat' dir='ltr'><strong>quibus</strong></span> <span class='ocrx_word' id='word_1_304' title='bbox 556 2860 618 2890; x_wconf 89' lang='lat' dir='ltr'><strong>hoc</strong></span> <span class='ocrx_word' id='word_1_305' title='bbox 651 2859 757 2898; x_wconf 86' lang='lat' dir='ltr'><strong>ipsum</strong></span> <span class='ocrx_word' id='word_1_306' title='bbox 791 2858 878 2889; x_wconf 82' lang='lat' dir='ltr'><strong>infra</strong></span> <span class='ocrx_word' id='word_1_307' title='bbox 910 2867 938 2890; x_wconf 85' lang='lat' dir='ltr'><strong>c.</strong></span> <span class='ocrx_word' id='word_1_308' title='bbox 965 2858 1029 2889; x_wconf 84' lang='lat'><strong>85:</strong></span> 
     </span>
     <span class='ocr_line' id='line_1_39' title="bbox 172 2914 1030 2957; baseline -0.005 -9"><span class='ocrx_word' id='word_1_309' title='bbox 172 2915 353 2955; x_wconf 58' lang='lat' dir='ltr'><strong>Amanium</strong></span> <span class='ocrx_word' id='word_1_310' title='bbox 369 2927 563 2957; x_wconf 65' lang='lat' dir='ltr'><strong>prom-escae</strong></span> <span class='ocrx_word' id='word_1_311' title='bbox 586 2934 631 2940; x_wconf 89' lang='lat'><strong>——-</strong></span> <span class='ocrx_word' id='word_1_312' title='bbox 654 2920 752 2956; x_wconf 81' lang='lat' dir='ltr'><strong>rapta</strong></span> <span class='ocrx_word' id='word_1_313' title='bbox 767 2916 909 2956; x_wconf 76' lang='lat' dir='ltr'><strong>pecunia</strong></span> <span class='ocrx_word' id='word_1_314' title='bbox 931 2920 961 2945; x_wconf 77' lang='lat' dir='ltr'><strong>et</strong></span> <span class='ocrx_word' id='word_1_315' title='bbox 983 2914 1030 2945; x_wconf 76' lang='lat' dir='ltr'><strong>in-</strong></span> 
     </span>
     <span class='ocr_line' id='line_1_40' title="bbox 170 2973 1028 3013; baseline -0.002 -9"><span class='ocrx_word' id='word_1_316' title='bbox 170 2976 220 3004; x_wconf 72' lang='lat' dir='ltr'><strong>ter</strong></span> <span class='ocrx_word' id='word_1_317' title='bbox 240 2983 274 3005; x_wconf 72' lang='grc' dir='ltr'><strong><em>κ</em></strong></span> <span class='ocrx_word' id='word_1_318' title='bbox 296 2973 402 3006; x_wconf 62' lang='lat' dir='ltr'><strong>divisa</strong></span> <span class='ocrx_word' id='word_1_319' title='bbox 423 2974 578 3006; x_wconf 67' lang='lat' dir='ltr'><strong>hostiliter</strong></span> <span class='ocrx_word' id='word_1_320' title='bbox 597 2978 735 3013; x_wconf 66' lang='lat' dir='ltr'><strong>eyes-ant.</strong></span> <span class='ocrx_word' id='word_1_321' title='bbox 782 2973 855 3004; x_wconf 87' lang='lat' dir='ltr'><strong>Hoc</strong></span> <span class='ocrx_word' id='word_1_322' title='bbox 878 2982 916 3003; x_wconf 89' lang='lat' dir='ltr'><strong>eo</strong></span> <span class='ocrx_word' id='word_1_323' title='bbox 940 2976 1028 3009; x_wconf 90' lang='lat' dir='ltr'><strong>noto,</strong></span> 
     </span>
    </p>
   </div>
   <div class='ocr_carea' id='block_1_8' title="bbox 1067 1829 1933 2491">
    <p class='ocr_par' dir='ltr' id='par_1_8' title="bbox 1067 1829 1933 2491">
     <span class='ocr_line' id='line_1_41' title="bbox 1069 1829 1933 1870; baseline -0.001 -10"><span class='ocrx_word' id='word_1_324' title='bbox 1069 1829 1134 1861; x_wconf 88' lang='lat' dir='ltr'><strong>Sed</strong></span> <span class='ocrx_word' id='word_1_325' title='bbox 1156 1839 1285 1870; x_wconf 85' lang='lat' dir='ltr'><strong>vereor,</strong></span> <span class='ocrx_word' id='word_1_326' title='bbox 1310 1840 1352 1861; x_wconf 89' lang='lat' dir='ltr'><strong>ne</strong></span> <span class='ocrx_word' id='word_1_327' title='bbox 1377 1829 1550 1861; x_wconf 87' lang='lat' dir='ltr'><strong>Suetonius</strong></span> <span class='ocrx_word' id='word_1_328' title='bbox 1574 1829 1781 1860; x_wconf 83' lang='lat' dir='ltr'><strong>halucinetur</strong></span> <span class='ocrx_word' id='word_1_329' title='bbox 1805 1829 1838 1860; x_wconf 90' lang='lat' dir='ltr'><strong>in</strong></span> <span class='ocrx_word' id='word_1_330' title='bbox 1857 1829 1933 1859; x_wconf 78' lang='lat' dir='ltr'><strong>duo-</strong></span> 
     </span>
     <span class='ocr_line' id='line_1_42' title="bbox 1068 1886 1933 1927; baseline -0.003 -8"><span class='ocrx_word' id='word_1_331' title='bbox 1068 1887 1124 1919; x_wconf 79' lang='lat' dir='ltr'><strong>bus</strong></span> <span class='ocrx_word' id='word_1_332' title='bbox 1159 1887 1302 1926; x_wconf 68' lang='lat' dir='ltr'><strong>malibus,</strong></span> <span class='ocrx_word' id='word_1_333' title='bbox 1336 1887 1392 1927; x_wconf 86' lang='lat' dir='ltr'><strong>qui</strong></span> <span class='ocrx_word' id='word_1_334' title='bbox 1415 1896 1481 1917; x_wconf 89' lang='lat' dir='ltr'><strong>non</strong></span> <span class='ocrx_word' id='word_1_335' title='bbox 1506 1896 1524 1917; x_wconf 89' lang='lat' dir='ltr'><strong>e</strong></span> <span class='ocrx_word' id='word_1_336' title='bbox 1547 1886 1736 1925; x_wconf 78' lang='lat' dir='ltr'><strong>Moesiacis,</strong></span> <span class='ocrx_word' id='word_1_337' title='bbox 1768 1887 1826 1917; x_wconf 88' lang='lat' dir='ltr'><strong>sed</strong></span> <span class='ocrx_word' id='word_1_338' title='bbox 1848 1886 1933 1916; x_wconf 86' lang='lat' dir='ltr'><strong>Pan-</strong></span> 
     </span>
     <span class='ocr_line' id='line_1_43' title="bbox 1069 1943 1933 1982; baseline -0.005 -6"><span class='ocrx_word' id='word_1_339' title='bbox 1069 1945 1196 1976; x_wconf 87' lang='lat' dir='ltr'><strong>nonicis</strong></span> <span class='ocrx_word' id='word_1_340' title='bbox 1220 1944 1479 1982; x_wconf 85' lang='lat' dir='ltr'><strong>Dalmaticisque</strong></span> <span class='ocrx_word' id='word_1_341' title='bbox 1502 1943 1604 1974; x_wconf 78' lang='lat' dir='ltr'><strong>fuere.</strong></span> <span class='ocrx_word' id='word_1_342' title='bbox 1652 1944 1692 1974; x_wconf 82' lang='lat' dir='ltr'><strong>cf.</strong></span> <span class='ocrx_word' id='word_1_343' title='bbox 1717 1953 1744 1974; x_wconf 89' lang='lat' dir='ltr'><strong>c.</strong></span> <span class='ocrx_word' id='word_1_344' title='bbox 1764 1945 1816 1974; x_wconf 89' lang='grc'><strong>11.</strong></span> <span class='ocrx_word' id='word_1_345' title='bbox 1864 1944 1933 1973; x_wconf 84' lang='lat' dir='ltr'><strong>Nee</strong></span> 
     </span>
     <span class='ocr_line' id='line_1_44' title="bbox 1069 2000 1931 2043; baseline -0.005 -9"><span class='ocrx_word' id='word_1_346' title='bbox 1069 2003 1157 2043; x_wconf 89' lang='lat' dir='ltr'><strong>apud</strong></span> <span class='ocrx_word' id='word_1_347' title='bbox 1180 2003 1330 2034; x_wconf 85' lang='lat' dir='ltr'><strong>Tacitum</strong></span> <span class='ocrx_word' id='word_1_348' title='bbox 1362 2002 1454 2041; x_wconf 87' lang='lat' dir='ltr'><strong>leges</strong></span> <span class='ocrx_word' id='word_1_349' title='bbox 1478 2000 1519 2031; x_wconf 88' lang='lat' dir='ltr'><strong>de</strong></span> <span class='ocrx_word' id='word_1_350' title='bbox 1543 2000 1731 2040; x_wconf 78' lang='lat' dir='ltr'><strong>praemissis</strong></span> <span class='ocrx_word' id='word_1_351' title='bbox 1756 2000 1821 2031; x_wconf 88' lang='lat' dir='ltr'><strong>illis</strong></span> <span class='ocrx_word' id='word_1_352' title='bbox 1846 2010 1864 2031; x_wconf 92' lang='lat' dir='ltr'><strong>e</strong></span> <span class='ocrx_word' id='word_1_353' title='bbox 1887 2001 1931 2031; x_wconf 87' lang='lat' dir='ltr'><strong>le-</strong></span> 
     </span>
     <span class='ocr_line' id='line_1_45' title="bbox 1069 2056 1931 2100; baseline -0.003 -10"><span class='ocrx_word' id='word_1_354' title='bbox 1069 2059 1220 2100; x_wconf 87' lang='lat' dir='ltr'><strong>gionibus</strong></span> <span class='ocrx_word' id='word_1_355' title='bbox 1252 2058 1436 2091; x_wconf 83' lang='lat' dir='ltr'><strong>Moesiacis.</strong></span> <span class='ocrx_word' id='word_1_356' title='bbox 1484 2057 1569 2088; x_wconf 87' lang='lat' dir='ltr'><strong>Sane</strong></span> <span class='ocrx_word' id='word_1_357' title='bbox 1584 2081 1592 2097; x_wconf 91' lang='lat'><strong>,</strong></span> <span class='ocrx_word' id='word_1_358' title='bbox 1625 2057 1654 2088; x_wconf 86' lang='lat' dir='ltr'><strong>si</strong></span> <span class='ocrx_word' id='word_1_359' title='bbox 1677 2060 1710 2088; x_wconf 90' lang='lat' dir='ltr'><strong>et</strong></span> <span class='ocrx_word' id='word_1_360' title='bbox 1732 2067 1801 2088; x_wconf 89' lang='lat' dir='ltr'><strong>rem</strong></span> <span class='ocrx_word' id='word_1_361' title='bbox 1825 2056 1931 2096; x_wconf 78' lang='lat' dir='ltr'><strong>vides,</strong></span> 
     </span>
     <span class='ocr_line' id='line_1_46' title="bbox 1069 2114 1933 2157; baseline -0.005 -10"><span class='ocrx_word' id='word_1_362' title='bbox 1069 2116 1271 2157; x_wconf 80' lang='lat' dir='ltr'><strong>probabilius</strong></span> <span class='ocrx_word' id='word_1_363' title='bbox 1304 2120 1371 2147; x_wconf 92' lang='lat' dir='ltr'><strong>tres</strong></span> <span class='ocrx_word' id='word_1_364' title='bbox 1403 2115 1491 2154; x_wconf 88' lang='lat' dir='ltr'><strong>ipsas</strong></span> <span class='ocrx_word' id='word_1_365' title='bbox 1523 2114 1670 2154; x_wconf 81' lang='lat' dir='ltr'><strong>legiones</strong></span> <span class='ocrx_word' id='word_1_366' title='bbox 1700 2114 1757 2144; x_wconf 83' lang='lat' dir='ltr'><strong>illa</strong></span> <span class='ocrx_word' id='word_1_367' title='bbox 1787 2114 1933 2144; x_wconf 84' lang='lat' dir='ltr'><strong>violenta</strong></span> 
     </span>
     <span class='ocr_line' id='line_1_47' title="bbox 1069 2171 1930 2213; baseline -0.005 -9"><span class='ocrx_word' id='word_1_368' title='bbox 1069 2177 1166 2213; x_wconf 83' lang='lat' dir='ltr'><strong>atque</strong></span> <span class='ocrx_word' id='word_1_369' title='bbox 1189 2174 1321 2204; x_wconf 89' lang='lat' dir='ltr'><strong>hostilia</strong></span> <span class='ocrx_word' id='word_1_370' title='bbox 1344 2172 1516 2211; x_wconf 88' lang='lat' dir='ltr'><strong>Aquileiae</strong></span> <span class='ocrx_word' id='word_1_371' title='bbox 1548 2181 1644 2202; x_wconf 86' lang='lat' dir='ltr'><strong>ausas</strong></span> <span class='ocrx_word' id='word_1_372' title='bbox 1671 2174 1703 2202; x_wconf 87' lang='lat' dir='ltr'><strong>et</strong></span> <span class='ocrx_word' id='word_1_373' title='bbox 1726 2171 1766 2201; x_wconf 90' lang='lat' dir='ltr'><strong>de</strong></span> <span class='ocrx_word' id='word_1_374' title='bbox 1790 2171 1930 2210; x_wconf 85' lang='lat' dir='ltr'><strong>impera—</strong></span> 
     </span>
     <span class='ocr_line' id='line_1_48' title="bbox 1068 2228 1932 2269; baseline -0.006 -7"><span class='ocrx_word' id='word_1_375' title='bbox 1068 2234 1138 2262; x_wconf 86' lang='lat' dir='ltr'><strong>tore</strong></span> <span class='ocrx_word' id='word_1_376' title='bbox 1164 2230 1363 2262; x_wconf 85' lang='lat' dir='ltr'><strong>deliberasse</strong></span> <span class='ocrx_word' id='word_1_377' title='bbox 1377 2253 1385 2269; x_wconf 89' lang='lat'><strong>,</strong></span> <span class='ocrx_word' id='word_1_378' title='bbox 1411 2238 1509 2268; x_wconf 84' lang='lat' dir='ltr'><strong>quam</strong></span> <span class='ocrx_word' id='word_1_379' title='bbox 1532 2229 1603 2259; x_wconf 89' lang='lat' dir='ltr'><strong>sola</strong></span> <span class='ocrx_word' id='word_1_380' title='bbox 1625 2238 1664 2258; x_wconf 87' lang='lat' dir='ltr'><strong>ex</strong></span> <span class='ocrx_word' id='word_1_381' title='bbox 1688 2228 1728 2259; x_wconf 90' lang='lat' dir='ltr'><strong>iis</strong></span> <span class='ocrx_word' id='word_1_382' title='bbox 1753 2228 1816 2258; x_wconf 88' lang='lat' dir='ltr'><strong>duo</strong></span> <span class='ocrx_word' id='word_1_383' title='bbox 1841 2228 1932 2258; x_wconf 86' lang='lat' dir='ltr'><strong>milia</strong></span> 
     </span>
     <span class='ocr_line' id='line_1_49' title="bbox 1068 2283 1931 2328; baseline -0.003 -10"><span class='ocrx_word' id='word_1_384' title='bbox 1068 2288 1179 2319; x_wconf 87' lang='lat' dir='ltr'><strong>electa.</strong></span> <span class='ocrx_word' id='word_1_385' title='bbox 1214 2288 1309 2317; x_wconf 80' lang='lat' dir='ltr'><strong>L1Ps.</strong></span> <span class='ocrx_word' id='word_1_386' title='bbox 1335 2305 1377 2308; x_wconf 97' lang='lat'><strong>—</strong></span> <span class='ocrx_word' id='word_1_387' title='bbox 1411 2290 1446 2317; x_wconf 67' lang='grc' dir='ltr'><strong>ιιι</strong></span> <span class='ocrx_word' id='word_1_388' title='bbox 1467 2296 1556 2316; x_wconf 80' lang='lat' dir='ltr'><strong>nemo</strong></span> <span class='ocrx_word' id='word_1_389' title='bbox 1582 2283 1713 2328; x_wconf 75' lang='lat' dir='ltr'><strong>dubitet]</strong></span> <span class='ocrx_word' id='word_1_390' title='bbox 1745 2285 1931 2316; x_wconf 77' lang='lat' dir='ltr'><strong>etlamnunc</strong></span> 
     </span>
     <span class='ocr_line' id='line_1_50' title="bbox 1068 2343 1929 2384; baseline -0.002 -9"><span class='ocrx_word' id='word_1_391' title='bbox 1068 2345 1213 2384; x_wconf 83' lang='lat' dir='ltr'><strong>dubitet,</strong></span> <span class='ocrx_word' id='word_1_392' title='bbox 1248 2348 1325 2375; x_wconf 86' lang='lat' dir='ltr'><strong>tunc</strong></span> <span class='ocrx_word' id='word_1_393' title='bbox 1358 2344 1504 2383; x_wconf 87' lang='lat' dir='ltr'><strong>potuisse</strong></span> <span class='ocrx_word' id='word_1_394' title='bbox 1537 2346 1597 2374; x_wconf 87' lang='lat' dir='ltr'><strong>cet.</strong></span> <span class='ocrx_word' id='word_1_395' title='bbox 1645 2343 1731 2374; x_wconf 87' lang='lat' dir='ltr'><strong>Male</strong></span> <span class='ocrx_word' id='word_1_396' title='bbox 1767 2352 1929 2373; x_wconf 89' lang='lat' dir='ltr'><strong>nonnemo</strong></span> 
     </span>
     <span class='ocr_line' id='line_1_51' title="bbox 1068 2400 1929 2440; baseline -0.003 -7"><span class='ocrx_word' id='word_1_397' title='bbox 1068 2402 1213 2433; x_wconf 82' lang='lat' dir='ltr'><strong>malebat</strong></span> <span class='ocrx_word' id='word_1_398' title='bbox 1246 2401 1403 2432; x_wconf 77' lang='lat' dir='ltr'><strong>dubitaret</strong></span> <span class='ocrx_word' id='word_1_399' title='bbox 1435 2404 1569 2440; x_wconf 85' lang='lat' dir='ltr'><strong>propter</strong></span> <span class='ocrx_word' id='word_1_400' title='bbox 1590 2400 1788 2440; x_wconf 86' lang='lat' dir='ltr'><strong>praecedens</strong></span> <span class='ocrx_word' id='word_1_401' title='bbox 1811 2400 1929 2439; x_wconf 87' lang='lat' dir='ltr'><strong>imper-</strong></span> 
     </span>
     <span class='ocr_line' id='line_1_52' title="bbox 1067 2461 1196 2491; baseline -0.016 0"><span class='ocrx_word' id='word_1_402' title='bbox 1067 2461 1196 2491; x_wconf 85' lang='lat' dir='ltr'><strong>fectum.</strong></span> 
     </span>
    </p>
   </div>
   <div class='ocr_carea' id='block_1_9' title="bbox 1066 2570 1930 3004">
    <p class='ocr_par' dir='ltr' id='par_1_9' title="bbox 1066 2570 1930 3004">
     <span class='ocr_line' id='line_1_53' title="bbox 1113 2570 1929 2612; baseline -0.006 -8"><span class='ocrx_word' id='word_1_403' title='bbox 1113 2575 1167 2604; x_wconf 78' lang='lat'><strong>4⁷.</strong></span> <span class='ocrx_word' id='word_1_404' title='bbox 1215 2572 1335 2612; x_wconf 70' lang='lat' dir='ltr'><strong>experti</strong></span> <span class='ocrx_word' id='word_1_405' title='bbox 1365 2573 1400 2602; x_wconf 77' lang='lat' dir='ltr'><strong>in</strong></span> <span class='ocrx_word' id='word_1_406' title='bbox 1430 2571 1526 2602; x_wconf 78' lang='lat' dir='ltr'><strong>vicem</strong></span> <span class='ocrx_word' id='word_1_407' title='bbox 1558 2581 1666 2602; x_wconf 71' lang='lat' dir='ltr'><strong>smnus</strong></span> <span class='ocrx_word' id='word_1_408' title='bbox 1700 2579 1755 2609; x_wconf 75' lang='lat' dir='ltr'><strong>eqo</strong></span> <span class='ocrx_word' id='word_1_409' title='bbox 1790 2581 1830 2600; x_wconf 80' lang='lat' dir='ltr'><strong>ac</strong></span> <span class='ocrx_word' id='word_1_410' title='bbox 1853 2570 1929 2610; x_wconf 85' lang='lat' dir='ltr'><strong>sor-</strong></span> 
     </span>
     <span class='ocr_line' id='line_1_54' title="bbox 1067 2627 1930 2674; baseline -0.007 -11"><span class='ocrx_word' id='word_1_411' title='bbox 1067 2629 1157 2674; x_wconf 75' lang='lat' dir='ltr'><strong>tuna]</strong></span> <span class='ocrx_word' id='word_1_412' title='bbox 1190 2639 1305 2662; x_wconf 80' lang='lat' dir='ltr'><strong>sensus</strong></span> <span class='ocrx_word' id='word_1_413' title='bbox 1328 2632 1394 2660; x_wconf 84' lang='lat' dir='ltr'><strong>est:</strong></span> <span class='ocrx_word' id='word_1_414' title='bbox 1427 2638 1482 2668; x_wconf 75' lang='lat' dir='ltr'><strong>eyo</strong></span> <span class='ocrx_word' id='word_1_415' title='bbox 1498 2627 1670 2667; x_wconf 79' lang='lat' dir='ltr'><strong>fortunam</strong></span> <span class='ocrx_word' id='word_1_416' title='bbox 1692 2631 1839 2667; x_wconf 71' lang='lat' dir='ltr'><strong>expertus</strong></span> <span class='ocrx_word' id='word_1_417' title='bbox 1862 2638 1930 2658; x_wconf 77' lang='lat' dir='ltr'><strong>sum</strong></span> 
     </span>
     <span class='ocr_line' id='line_1_55' title="bbox 1068 2684 1928 2723; baseline -0.006 -4"><span class='ocrx_word' id='word_1_418' title='bbox 1068 2689 1136 2720; x_wconf 89' lang='lat' dir='ltr'><strong>scil.</strong></span> <span class='ocrx_word' id='word_1_419' title='bbox 1172 2691 1205 2718; x_wconf 89' lang='lat' dir='ltr'><strong>et</strong></span> <span class='ocrx_word' id='word_1_420' title='bbox 1238 2687 1414 2719; x_wconf 78' lang='lat' dir='ltr'><strong>secundam</strong></span> <span class='ocrx_word' id='word_1_421' title='bbox 1447 2689 1480 2717; x_wconf 88' lang='lat' dir='ltr'><strong>et</strong></span> <span class='ocrx_word' id='word_1_422' title='bbox 1515 2685 1706 2723; x_wconf 80' lang='lat' dir='ltr'><strong>adversam3</strong></span> <span class='ocrx_word' id='word_1_423' title='bbox 1746 2684 1828 2715; x_wconf 88' lang='lat' dir='ltr'><strong>nihil</strong></span> <span class='ocrx_word' id='word_1_424' title='bbox 1863 2684 1928 2715; x_wconf 79' lang='lat' dir='ltr'><strong>iam</strong></span> 
     </span>
     <span class='ocr_line' id='line_1_56' title="bbox 1068 2741 1928 2783; baseline -0.006 -7"><span class='ocrx_word' id='word_1_425' title='bbox 1068 2745 1147 2776; x_wconf 86' lang='lat' dir='ltr'><strong>mihi</strong></span> <span class='ocrx_word' id='word_1_426' title='bbox 1171 2745 1249 2776; x_wconf 81' lang='lat' dir='ltr'><strong>dare</strong></span> <span class='ocrx_word' id='word_1_427' title='bbox 1272 2744 1392 2783; x_wconf 86' lang='lat' dir='ltr'><strong>poterit</strong></span> <span class='ocrx_word' id='word_1_428' title='bbox 1415 2752 1474 2774; x_wconf 89' lang='lat' dir='ltr'><strong>nec</strong></span> <span class='ocrx_word' id='word_1_429' title='bbox 1497 2743 1639 2782; x_wconf 85' lang='lat' dir='ltr'><strong>amplius</strong></span> <span class='ocrx_word' id='word_1_430' title='bbox 1662 2742 1830 2781; x_wconf 86' lang='lat' dir='ltr'><strong>experiar:</strong></span> <span class='ocrx_word' id='word_1_431' title='bbox 1854 2741 1928 2781; x_wconf 86' lang='lat' dir='ltr'><strong>sor-</strong></span> 
     </span>
     <span class='ocr_line' id='line_1_57' title="bbox 1066 2799 1927 2842; baseline -0.005 -9"><span class='ocrx_word' id='word_1_432' title='bbox 1066 2808 1144 2834; x_wconf 70' lang='grc' dir='ltr'><strong>ωηο</strong></span> <span class='ocrx_word' id='word_1_433' title='bbox 1167 2812 1214 2833; x_wconf 81' lang='lat' dir='ltr'><strong>me</strong></span> <span class='ocrx_word' id='word_1_434' title='bbox 1237 2806 1366 2842; x_wconf 67' lang='lat' dir='ltr'><strong>experta</strong></span> <span class='ocrx_word' id='word_1_435' title='bbox 1389 2804 1433 2831; x_wconf 77' lang='lat' dir='ltr'><strong>est</strong></span> <span class='ocrx_word' id='word_1_436' title='bbox 1464 2800 1535 2831; x_wconf 86' lang='lat' dir='ltr'><strong>scil.</strong></span> <span class='ocrx_word' id='word_1_437' title='bbox 1560 2808 1652 2838; x_wconf 85' lang='lat' dir='ltr'><strong>eum,</strong></span> <span class='ocrx_word' id='word_1_438' title='bbox 1675 2799 1726 2829; x_wconf 88' lang='lat' dir='ltr'><strong>cui</strong></span> <span class='ocrx_word' id='word_1_439' title='bbox 1750 2808 1855 2838; x_wconf 86' lang='lat' dir='ltr'><strong>neque</strong></span> <span class='ocrx_word' id='word_1_440' title='bbox 1878 2808 1927 2830; x_wconf 85' lang='lat' dir='ltr'><strong>se-</strong></span> 
     </span>
     <span class='ocr_line' id='line_1_58' title="bbox 1067 2856 1927 2898; baseline -0.006 -7"><span class='ocrx_word' id='word_1_441' title='bbox 1067 2859 1173 2891; x_wconf 84' lang='lat' dir='ltr'><strong>cunda</strong></span> <span class='ocrx_word' id='word_1_442' title='bbox 1204 2868 1309 2898; x_wconf 87' lang='lat' dir='ltr'><strong>neque</strong></span> <span class='ocrx_word' id='word_1_443' title='bbox 1340 2859 1480 2889; x_wconf 83' lang='lat' dir='ltr'><strong>adversa</strong></span> <span class='ocrx_word' id='word_1_444' title='bbox 1511 2857 1611 2888; x_wconf 82' lang='lat' dir='ltr'><strong>animi</strong></span> <span class='ocrx_word' id='word_1_445' title='bbox 1635 2856 1850 2887; x_wconf 83' lang='lat' dir='ltr'><strong>constantiam</strong></span> <span class='ocrx_word' id='word_1_446' title='bbox 1872 2856 1927 2887; x_wconf 83' lang='lat' dir='ltr'><strong>ad-</strong></span> 
     </span>
     <span class='ocr_line' id='line_1_59' title="bbox 1067 2913 1929 2954; baseline -0.005 -7"><span class='ocrx_word' id='word_1_447' title='bbox 1067 2916 1191 2947; x_wconf 83' lang='lat' dir='ltr'><strong>emerit.</strong></span> <span class='ocrx_word' id='word_1_448' title='bbox 1241 2916 1280 2946; x_wconf 81' lang='lat' dir='ltr'><strong>cf.</strong></span> <span class='ocrx_word' id='word_1_449' title='bbox 1320 2918 1335 2946; x_wconf 91' lang='lat'>1</span> <span class='ocrx_word' id='word_1_450' title='bbox 1348 2937 1356 2953; x_wconf 92' lang='lat'>‚</span> <span class='ocrx_word' id='word_1_451' title='bbox 1394 2916 1435 2946; x_wconf 75' lang='lat'><strong>15</strong></span> <span class='ocrx_word' id='word_1_452' title='bbox 1465 2914 1638 2954; x_wconf 79' lang='lat' dir='ltr'><strong>fortunam</strong></span> <span class='ocrx_word' id='word_1_453' title='bbox 1671 2913 1776 2944; x_wconf 71' lang='lat' dir='ltr'><strong>adhnw</strong></span> <span class='ocrx_word' id='word_1_454' title='bbox 1808 2918 1929 2945; x_wconf 76' lang='lat' dir='ltr'><strong>tantum</strong></span> 
     </span>
     <span class='ocr_line' id='line_1_60' title="bbox 1066 2970 1927 3004; baseline -0.003 0"><span class='ocrx_word' id='word_1_455' title='bbox 1066 2973 1235 3004; x_wconf 70' lang='lat' dir='ltr'><strong>adversam</strong></span> <span class='ocrx_word' id='word_1_456' title='bbox 1264 2971 1384 3003; x_wconf 68' lang='lat' dir='ltr'><strong>tulisti:</strong></span> <span class='ocrx_word' id='word_1_457' title='bbox 1418 2971 1574 3002; x_wconf 79' lang='lat' dir='ltr'><strong>secundae</strong></span> <span class='ocrx_word' id='word_1_458' title='bbox 1596 2980 1647 3002; x_wconf 74' lang='lat' dir='ltr'><strong>res</strong></span> <span class='ocrx_word' id='word_1_459' title='bbox 1671 2970 1847 3001; x_wconf 72' lang='lat' dir='ltr'><strong>aerim-ihm</strong></span> <span class='ocrx_word' id='word_1_460' title='bbox 1873 2971 1927 3001; x_wconf 74' lang='lat' dir='ltr'><strong>sti-</strong></span> 
     </span>
    </p>
   </div>
   <div class='ocr_carea' id='block_1_10' title="bbox 173 3027 1926 3070">
    <p class='ocr_par' dir='ltr' id='par_1_10' title="bbox 173 3027 1926 3070">
     <span class='ocr_line' id='line_1_61' title="bbox 173 3027 1926 3070; baseline -0.001 -9"><span class='ocrx_word' id='word_1_461' title='bbox 173 3031 260 3069; x_wconf 81' lang='lat' dir='ltr'><strong>quod</strong></span> <span class='ocrx_word' id='word_1_462' title='bbox 291 3031 326 3062; x_wconf 84' lang='lat' dir='ltr'><strong>in</strong></span> <span class='ocrx_word' id='word_1_463' title='bbox 350 3030 506 3063; x_wconf 85' lang='lat' dir='ltr'><strong>Suetonio</strong></span> <span class='ocrx_word' id='word_1_464' title='bbox 539 3031 633 3062; x_wconf 85' lang='lat' dir='ltr'><strong>aliter</strong></span> <span class='ocrx_word' id='word_1_465' title='bbox 665 3031 774 3070; x_wconf 77' lang='lat' dir='ltr'><strong>legas,</strong></span> <span class='ocrx_word' id='word_1_466' title='bbox 812 3033 844 3061; x_wconf 90' lang='lat' dir='ltr'><strong>et</strong></span> <span class='ocrx_word' id='word_1_467' title='bbox 866 3029 1033 3060; x_wconf 82' lang='lat' dir='ltr'><strong>dumtaxat</strong></span> <span class='ocrx_word' id='word_1_468' title='bbox 1065 3031 1158 3061; x_wconf 74' lang='lat' dir='ltr'><strong>mulia</strong></span> <span class='ocrx_word' id='word_1_469' title='bbox 1180 3030 1302 3061; x_wconf 74' lang='lat' dir='ltr'><strong>animos</strong></span> <span class='ocrx_word' id='word_1_470' title='bbox 1319 3029 1496 3069; x_wconf 64' lang='lat' dir='ltr'><strong>explorant,</strong></span> <span class='ocrx_word' id='word_1_471' title='bbox 1521 3027 1598 3066; x_wconf 76' lang='lat' dir='ltr'><strong>quia</strong></span> <span class='ocrx_word' id='word_1_472' title='bbox 1620 3028 1766 3059; x_wconf 51' lang='lat' dir='ltr'><strong>miseriae</strong></span> <span class='ocrx_word' id='word_1_473' title='bbox 1789 3029 1926 3060; x_wconf 77' lang='lat' dir='ltr'><strong>toleran-</strong></span> 
     </span>
    </p>
   </div>
   <div class='ocr_carea' id='block_1_11' title="bbox 172 3086 1032 3415">
    <p class='ocr_par' dir='ltr' id='par_1_11' title="bbox 172 3086 1032 3415">
     <span class='ocr_line' id='line_1_62' title="bbox 173 3086 1031 3127; baseline -0.002 -9"><span class='ocrx_word' id='word_1_474' title='bbox 173 3086 249 3118; x_wconf 63' lang='grc' dir='ltr'><strong>δέκα</strong></span> <span class='ocrx_word' id='word_1_475' title='bbox 278 3097 317 3118; x_wconf 75' lang='lat' dir='ltr'><strong>cx</strong></span> <span class='ocrx_word' id='word_1_476' title='bbox 337 3088 387 3119; x_wconf 69' lang='lat' dir='ltr'><strong>hn&#39;ae</strong></span> <span class='ocrx_word' id='word_1_477' title='bbox 408 3087 579 3127; x_wconf 65' lang='lat' dir='ltr'><strong>uqiomzus</strong></span> <span class='ocrx_word' id='word_1_478' title='bbox 609 3087 700 3119; x_wconf 80' lang='lat' dir='ltr'><strong>milia</strong></span> <span class='ocrx_word' id='word_1_479' title='bbox 725 3087 909 3127; x_wconf 68' lang='lat' dir='ltr'><strong>praemissa</strong></span> <span class='ocrx_word' id='word_1_480' title='bbox 932 3086 1031 3125; x_wconf 81' lang='lat' dir='ltr'><strong>Aqui-</strong></span> 
     </span>
     <span class='ocr_line' id='line_1_63' title="bbox 172 3143 1032 3185; baseline 0 -11"><span class='ocrx_word' id='word_1_481' title='bbox 172 3143 269 3175; x_wconf 61' lang='lat' dir='ltr'><strong>isium</strong></span> <span class='ocrx_word' id='word_1_482' title='bbox 291 3146 490 3184; x_wconf 73' lang='lat' dir='ltr'><strong>pervenisse.</strong></span> <span class='ocrx_word' id='word_1_483' title='bbox 538 3146 676 3185; x_wconf 77' lang='lat' dir='ltr'><strong>vespas.</strong></span> <span class='ocrx_word' id='word_1_484' title='bbox 704 3147 743 3176; x_wconf 78' lang='lat'><strong>6:</strong></span> <span class='ocrx_word' id='word_1_485' title='bbox 769 3144 927 3176; x_wconf 71' lang='lat' dir='ltr'><strong>Moesiaci</strong></span> <span class='ocrx_word' id='word_1_486' title='bbox 946 3154 1032 3174; x_wconf 73' lang='lat' dir='ltr'><strong>ezer-</strong></span> 
     </span>
     <span class='ocr_line' id='line_1_64' title="bbox 175 3199 1032 3242; baseline 0.001 -11"><span class='ocrx_word' id='word_1_487' title='bbox 175 3199 254 3231; x_wconf 64' lang='lat' dir='ltr'><strong>eiau</strong></span> <span class='ocrx_word' id='word_1_488' title='bbox 275 3199 351 3232; x_wconf 71' lang='lat' dir='ltr'><strong>ln&#39;na</strong></span> <span class='ocrx_word' id='word_1_489' title='bbox 373 3211 390 3232; x_wconf 78' lang='grc' dir='ltr'><strong><em>ο</em></strong></span> <span class='ocrx_word' id='word_1_490' title='bbox 411 3202 511 3234; x_wconf 62' lang='lat' dir='ltr'><strong>enam</strong></span> <span class='ocrx_word' id='word_1_491' title='bbox 533 3203 704 3242; x_wconf 67' lang='lat' dir='ltr'><strong>loqionibm</strong></span> <span class='ocrx_word' id='word_1_492' title='bbox 719 3202 811 3233; x_wconf 68' lang='lat' dir='ltr'><strong>maia</strong></span> <span class='ocrx_word' id='word_1_493' title='bbox 826 3202 925 3233; x_wconf 65' lang='lat' dir='ltr'><strong>misna</strong></span> <span class='ocrx_word' id='word_1_494' title='bbox 939 3202 1032 3232; x_wconf 71' lang='lat' dir='ltr'><strong>auxi-</strong></span> 
     </span>
     <span class='ocr_line' id='line_1_65' title="bbox 174 3257 1032 3299; baseline 0.001 -11"><span class='ocrx_word' id='word_1_495' title='bbox 174 3257 218 3289; x_wconf 75' lang='lat' dir='ltr'><strong>lio</strong></span> <span class='ocrx_word' id='word_1_496' title='bbox 243 3257 375 3296; x_wconf 73' lang='lat' dir='ltr'><strong>othoni,</strong></span> <span class='ocrx_word' id='word_1_497' title='bbox 400 3263 572 3299; x_wconf 57' lang='lat' dir='ltr'><strong>perquam</strong></span> <span class='ocrx_word' id='word_1_498' title='bbox 600 3259 752 3299; x_wconf 69' lang='lat' dir='ltr'><strong>inarmis</strong></span> <span class='ocrx_word' id='word_1_499' title='bbox 774 3260 834 3291; x_wconf 75' lang='lat' dir='ltr'><strong>iter</strong></span> <span class='ocrx_word' id='word_1_500' title='bbox 856 3260 1032 3291; x_wconf 72' lang='lat' dir='ltr'><strong>nuntiatum</strong></span> 
     </span>
     <span class='ocr_line' id='line_1_66' title="bbox 174 3315 1031 3355; baseline 0.001 -10"><span class='ocrx_word' id='word_1_501' title='bbox 174 3319 240 3354; x_wconf 76' lang='lat' dir='ltr'><strong>est,</strong></span> <span class='ocrx_word' id='word_1_502' title='bbox 276 3315 390 3346; x_wconf 73' lang='lat' dir='ltr'><strong>vidum</strong></span> <span class='ocrx_word' id='word_1_503' title='bbox 412 3326 481 3348; x_wconf 75' lang='lat' dir='ltr'><strong>eum</strong></span> <span class='ocrx_word' id='word_1_504' title='bbox 503 3327 544 3348; x_wconf 79' lang='lat' dir='ltr'><strong>ae</strong></span> <span class='ocrx_word' id='word_1_505' title='bbox 565 3317 627 3349; x_wconf 82' lang='lat' dir='ltr'><strong>vim</strong></span> <span class='ocrx_word' id='word_1_506' title='bbox 658 3318 742 3349; x_wconf 69' lang='lat' dir='ltr'><strong>vitae</strong></span> <span class='ocrx_word' id='word_1_507' title='bbox 774 3327 850 3348; x_wconf 73' lang='lat' dir='ltr'><strong>suae</strong></span> <span class='ocrx_word' id='word_1_508' title='bbox 879 3316 1031 3355; x_wconf 60' lang='lat' dir='ltr'><strong>attulisse,</strong></span> 
     </span>
     <span class='ocr_line' id='line_1_67' title="bbox 174 3372 1032 3415; baseline 0.001 -12"><span class='ocrx_word' id='word_1_509' title='bbox 174 3372 275 3403; x_wconf 73' lang='grc' dir='ltr'><strong><em>ηὕιὶῑο</em></strong></span> <span class='ocrx_word' id='word_1_510' title='bbox 297 3372 396 3404; x_wconf 64' lang='lat' dir='ltr'><strong>aecius</strong></span> <span class='ocrx_word' id='word_1_511' title='bbox 420 3372 604 3414; x_wconf 69' lang='lat' dir='ltr'><strong>Aquileiam</strong></span> <span class='ocrx_word' id='word_1_512' title='bbox 626 3385 724 3415; x_wconf 75' lang='lat' dir='ltr'><strong>usque</strong></span> <span class='ocrx_word' id='word_1_513' title='bbox 740 3379 1032 3415; x_wconf 72' lang='lat' dir='ltr'><strong>perseveraverunt,</strong></span> 
     </span>
    </p>
   </div>
   <div class='ocr_carea' id='block_1_12' title="bbox 1065 3085 1927 3413">
    <p class='ocr_par' dir='ltr' id='par_1_12' title="bbox 1065 3085 1927 3413">
     <span class='ocr_line' id='line_1_68' title="bbox 1065 3085 1925 3127; baseline -0.002 -9"><span class='ocrx_word' id='word_1_514' title='bbox 1065 3093 1127 3127; x_wconf 76' lang='lat' dir='ltr'><strong>tur,</strong></span> <span class='ocrx_word' id='word_1_515' title='bbox 1145 3087 1306 3127; x_wconf 62' lang='lat' dir='ltr'><strong>felicitate</strong></span> <span class='ocrx_word' id='word_1_516' title='bbox 1328 3085 1568 3125; x_wconf 58' lang='lat' dir='ltr'><strong>corrumpimur.</strong></span> <span class='ocrx_word' id='word_1_517' title='bbox 1618 3087 1649 3125; x_wconf 87' lang='lat'><strong>1,</strong></span> <span class='ocrx_word' id='word_1_518' title='bbox 1666 3086 1708 3117; x_wconf 76' lang='lat'><strong>29</strong></span> <span class='ocrx_word' id='word_1_519' title='bbox 1733 3090 1766 3116; x_wconf 72' lang='lat' dir='ltr'><strong>ut</strong></span> <span class='ocrx_word' id='word_1_520' title='bbox 1790 3086 1847 3124; x_wconf 79' lang='lat' dir='ltr'><strong>qui</strong></span> <span class='ocrx_word' id='word_1_521' title='bbox 1866 3086 1925 3116; x_wconf 82' lang='lat' dir='ltr'><strong>ad-</strong></span> 
     </span>
     <span class='ocr_line' id='line_1_69' title="bbox 1066 3142 1926 3184; baseline -0.002 -9"><span class='ocrx_word' id='word_1_522' title='bbox 1066 3154 1175 3175; x_wconf 75' lang='lat' dir='ltr'><strong>versas</strong></span> <span class='ocrx_word' id='word_1_523' title='bbox 1206 3154 1256 3174; x_wconf 74' lang='lat' dir='ltr'><strong>res</strong></span> <span class='ocrx_word' id='word_1_524' title='bbox 1288 3148 1431 3184; x_wconf 64' lang='lat' dir='ltr'><strong>expertus</strong></span> <span class='ocrx_word' id='word_1_525' title='bbox 1464 3154 1534 3173; x_wconf 77' lang='lat' dir='ltr'><strong>cum</strong></span> <span class='ocrx_word' id='word_1_526' title='bbox 1568 3143 1702 3173; x_wconf 74' lang='lat' dir='ltr'><strong>mxime</strong></span> <span class='ocrx_word' id='word_1_527' title='bbox 1734 3142 1856 3174; x_wconf 74' lang='lat' dir='ltr'><strong>discam</strong></span> <span class='ocrx_word' id='word_1_528' title='bbox 1887 3153 1926 3173; x_wconf 85' lang='lat' dir='ltr'><strong>ne</strong></span> 
     </span>
     <span class='ocr_line' id='line_1_70' title="bbox 1068 3199 1926 3240; baseline -0.002 -8"><span class='ocrx_word' id='word_1_529' title='bbox 1068 3201 1221 3232; x_wconf 67' lang='lat' dir='ltr'><strong>secundas</strong></span> <span class='ocrx_word' id='word_1_530' title='bbox 1246 3200 1369 3240; x_wconf 72' lang='lat' dir='ltr'><strong>quidem</strong></span> <span class='ocrx_word' id='word_1_531' title='bbox 1391 3199 1494 3230; x_wconf 69' lang='lat' dir='ltr'><strong>minua</strong></span> <span class='ocrx_word' id='word_1_532' title='bbox 1517 3199 1710 3231; x_wconf 71' lang='lat' dir='ltr'><strong>discriminis</strong></span> <span class='ocrx_word' id='word_1_533' title='bbox 1731 3199 1856 3231; x_wconf 75' lang='lat' dir='ltr'><strong>habere.</strong></span> <span class='ocrx_word' id='word_1_534' title='bbox 1882 3217 1926 3223; x_wconf 94' lang='lat'><strong>—</strong></span> 
     </span>
     <span class='ocr_line' id='line_1_71' title="bbox 1067 3254 1927 3300; baseline -0.001 -11"><span class='ocrx_word' id='word_1_535' title='bbox 1067 3269 1123 3289; x_wconf 81' lang='lat' dir='ltr'><strong>nec</strong></span> <span class='ocrx_word' id='word_1_536' title='bbox 1154 3263 1272 3298; x_wconf 72' lang='lat' dir='ltr'><strong>tempus</strong></span> <span class='ocrx_word' id='word_1_537' title='bbox 1305 3254 1561 3300; x_wconf 70' lang='lat' dir='ltr'><strong>conpumveritis]</strong></span> <span class='ocrx_word' id='word_1_538' title='bbox 1597 3257 1637 3289; x_wconf 81' lang='lat' dir='ltr'><strong>cf.</strong></span> <span class='ocrx_word' id='word_1_539' title='bbox 1663 3257 1704 3288; x_wconf 85' lang='lat' dir='ltr'><strong>ad</strong></span> <span class='ocrx_word' id='word_1_540' title='bbox 1732 3259 1769 3296; x_wconf 89' lang='lat'><strong>1,</strong></span> <span class='ocrx_word' id='word_1_541' title='bbox 1794 3259 1838 3289; x_wconf 79' lang='lat'><strong>84</strong></span> <span class='ocrx_word' id='word_1_542' title='bbox 1871 3267 1927 3288; x_wconf 79' lang='lat' dir='ltr'><strong>nec</strong></span> 
     </span>
     <span class='ocr_line' id='line_1_72' title="bbox 1069 3315 1924 3355; baseline -0.002 -8"><span class='ocrx_word' id='word_1_543' title='bbox 1069 3334 1111 3340; x_wconf 91' lang='lat'>—</span> <span class='ocrx_word' id='word_1_544' title='bbox 1135 3316 1258 3347; x_wconf 77' lang='lat' dir='ltr'><strong>audiat.</strong></span> <span class='ocrx_word' id='word_1_545' title='bbox 1305 3324 1420 3347; x_wconf 76' lang='lat' dir='ltr'><strong>sensus</strong></span> <span class='ocrx_word' id='word_1_546' title='bbox 1453 3317 1518 3346; x_wconf 78' lang='lat' dir='ltr'><strong>est:</strong></span> <span class='ocrx_word' id='word_1_547' title='bbox 1560 3323 1623 3345; x_wconf 89' lang='lat' dir='ltr'><strong>neu</strong></span> <span class='ocrx_word' id='word_1_548' title='bbox 1658 3315 1924 3355; x_wconf 83' lang='lat' dir='ltr'><strong>conputaveritis,</strong></span> 
     </span>
     <span class='ocr_line' id='line_1_73' title="bbox 1069 3371 1926 3413; baseline -0.002 -9"><span class='ocrx_word' id='word_1_549' title='bbox 1069 3383 1164 3413; x_wconf 84' lang='lat' dir='ltr'><strong>quam</strong></span> <span class='ocrx_word' id='word_1_550' title='bbox 1197 3373 1297 3404; x_wconf 84' lang='lat' dir='ltr'><strong>breve</strong></span> <span class='ocrx_word' id='word_1_551' title='bbox 1334 3373 1460 3413; x_wconf 86' lang='lat' dir='ltr'><strong>imperii</strong></span> <span class='ocrx_word' id='word_1_552' title='bbox 1492 3372 1556 3403; x_wconf 88' lang='lat' dir='ltr'><strong>mei</strong></span> <span class='ocrx_word' id='word_1_553' title='bbox 1589 3375 1716 3413; x_wconf 80' lang='lat' dir='ltr'><strong>tempus</strong></span> <span class='ocrx_word' id='word_1_554' title='bbox 1752 3371 1857 3403; x_wconf 80' lang='lat' dir='ltr'><strong>fuerit.</strong></span> <span class='ocrx_word' id='word_1_555' title='bbox 1883 3390 1926 3395; x_wconf 79' lang='lat'>—</span> 
     </span>
    </p>
   </div>
  </div>
 </body>
</html>
