2176 3672
1848 192 1912 235 IX

252 314 325 364 Ib.
344 313 376 363 l.
394 315 423 362 3
443 313 577 362 infla.
600 313 813 375 Christ,
840 312 958 378 prof.
974 313 1121 375 Mon„
1136 312 1197 360 N.
1212 312 1410 362 Jahrbb.
1432 313 1528 360 113
1550 329 1660 377 pag.
1681 313 1778 360 336
1799 329 1909 361 oon·

149 404 373 454 iacturam
400 403 702 459 eommunis
719 420 766 456 >v.
787 403 956 467 probat
975 402 1080 451 coll.
1099 402 1237 451 Caes
1259 401 1317 450 B.
1341 401 1400 451 G.
1416 401 1502 465 VI,
1527 402 1591 450 23
1612 402 1911 466 victusque

152 488 552 543 communicatu
562 509 599 540 r.
674 492 769 541 Sed
808 492 866 540 ef.
908 509 1027 556 quae
1066 492 1292 540 diximus:
1334 491 1457 540 Satis
1494 497 1657 540 notum
1697 495 1784 540 eet.

254 617 301 665 p.
353 602 435 648 45.
492 598 774 648 Biieheler
831 600 881 648 in
942 599 1203 648 enarranda
1256 604 1289 646 t.
1340 598 1422 661 Ig.
1474 599 1541 662 V,
1609 600 1662 646 2:
1728 598 1912 648 Sacrifi-

150 705 257 738 eare
305 694 354 737 et
389 689 568 753 epulari
616 695 664 738 et
708 688 973 738 consultare
1025 688 1149 737 casei
1185 687 1348 752 populi
1397 704 1490 736 uno
1535 694 1745 753 tempore
1784 688 1910 737 soliti

86 783 94 786 “
149 781 280 849 sunt3
331 777 555 827 Germani
604 779 662 826 de
699 795 814 842 paee
865 783 911 826 et
956 778 1079 827 bello
1118 777 1440 826 deliberabant
1475 777 1524 825 in
1562 778 1788 826 conviviis
1829 778 1909 841 (T.

151 865 212 916 G.
251 883 291 915 e.
333 868 443 930 22),
496 868 693 916 similem
743 884 879 915 usum
924 867 1048 931 apud
1085 867 1260 915 Raetos
1307 865 1570 915 foederatos
1608 867 1669 916 ad
1705 873 1912 917 nostram

148 956 419 1005 memoriam
439 957 633 1005 durasse
653 957 825 1005 audivi.
844 986 906 991 -—
926 955 1115 1004 Scholia
1133 955 1194 1004 ad
1212 955 1268 1002 Il.
1290 954 1429 1002 170:
1454 964 1536 1010 Διὸ
1556 970 1630 1009 καὶ
1650 967 1823 1022 Πέρσαι
1842 983 1915 1024 με-

150 1038 338 1107 θύρντες
357 1040 744 1099 συμβουλεύονται,
762 1040 974 1102 νήφοντες
992 1043 1039 1085 δὲ
1057 1041 1362 1100 ἐπικρίνουσιν,
1380 1045 1452 1085 καὶ
1474 1037 1498 1084 ὁ
1516 1041 1699 1085 ‘Pedium
1718 1043 1764 1085 δὲ
1782 1034 1917 1098 νόμος

152 1123 241 1166 eet.
281 1119 488 1183 (Meiser‚
527 1120 588 1168 N.
623 1121 734 1168 Jbb.
772 1136 879 1184 pag.
924 1120 1038 1181 lll,
1080 1119 1220 1181 498).

256 1241 303 1290 p.
326 1227 408 1289 46,
430 1226 460 1274 l.
488 1228 511 1274 1
534 1227 566 1274 l.
594 1242 759 1274 umor.
786 1242 832 1290 p.
851 1227 916 1273 46
937 1226 1061 1274 med.
1090 1226 1361 1274 Admodum
1380 1225 1627 1289 diligenter
1647 1230 1694 1274 et
1712 1225 1916 1274 suaviter

151 1313 227 1362 his
262 1313 321 1363 de
355 1316 495 1363 rebus
523 1314 618 1378 egit
641 1314 829 1378 Hehn,
868 1315 1260 1379 Kulturpflanzen
1286 1320 1373 1364 ete.
1404 1315 1476 1363 ed.
1507 1317 1535 1363 2
1575 1332 1621 1379 p.
1655 1316 1748 1363 131
1780 1331 1912 1379 seqq.

253 1419 311 1468 P.
352 1421 414 1468 51
454 1421 486 1468 l.
531 1422 592 1469 13
631 1422 771 1471 infra:
829 1422 902 1470 De
952 1423 1064 1471 anni
1112 1423 1239 1487 apud
1279 1423 1540 1472 Germanos
1586 1422 1813 1472 divisione
1855 1422 1912 1471 cf.

148 1508 289 1559 etiam
324 1509 649 1574 Weinhold,
688 1511 822 1560 Rede
860 1505 939 1560 b'ei
976 1512 1059 1561 der
1094 1512 1234 1561 Feier
1271 1518 1359 1561 ete.
1434 1511 1546 1560 Kiel
1588 1513 1739 1560 1862.

254 1632 299 1681 p.
353 1618 416 1664 53
463 1617 494 1665 l.
539 1619 600 1666 13
640 1618 669 1666 i.
709 1619 740 1666 1.
792 1623 1255 1683 transgressos.
1329 1636 1375 1684 p.
1424 1621 1512 1682 57,
1563 1619 1594 1668 l.
1637 1621 1663 1668 7
1705 1619 1736 1667 l.
1780 1619 1914 1669 Ger-

148 1705 341 1755 mania.
403 1723 449 1771 p.
492 1708 556 1755 60
594 1707 625 1755 l.
670 1709 733 1756 14
772 1708 914 1757 adde:
959 1710 1038 1772 18,

253 1829 300 1878 p.
341 1814 405 1862 57
444 1813 476 1862 l.
519 1816 546 1863 7
585 1815 617 1863 l.
658 1815 926 1865 Germania.

253 1936 300 1985 p.
342 1922 407 1969 75
445 1938 487 1970 a.
526 1939 573 1986 p.
611 1923 642 1970 i.
680 1923 711 1970 1.
757 1923 817 1971 13
857 1923 888 1971 l.
926 1922 1264 1971 Vinilorum.

253 2044 300 2090 p.
341 2029 405 2075 76
445 2045 487 2077 a.
526 2045 571 2092 p.
610 2029 641 2077 l.
686 2030 748 2077 12
786 2030 818 2077 l.
860 2029 1145 2078 Gotorum.

254 2147 301 2195 p.
321 2133 385 2180 80
399 2132 448 2180 in
459 2133 555 2180 ind.
573 2135 733 2198 script.
749 2135 780 2181 l.
802 2136 1190 2184 ministrantur
1214 2136 1335 2198 libri,
1364 2136 1912 2202 ministrantLipsius.

257 2308 469 2358 Turioi
504 2310 614 2359 Kal.
654 2311 782 2359 Sext.
822 2312 1286 2364 MDOCOLXXVI.

1205 2513 1259 2574 Ji.
1296 2512 1773 2576 §camenas-§mnam
