2176 3672
684 222 858 265 LIBER
886 222 920 264 1.
980 199 1081 275 dap.
1113 221 1180 263 33.
1213 221 1280 264 34.
1312 220 1379 265 35.
1410 221 1476 264 36.
1890 221 1975 265 259

198 351 283 382 non
306 336 490 393 populus
513 339 679 380 tantum
702 340 745 379 et
768 337 970 390 imperita
995 335 1116 390 plebs
1145 337 1189 379 in
1211 337 1387 391 plausus
1410 339 1455 379 et
1474 337 1685 379 inmodica
1713 337 1870 391 studia,
1900 338 1978 380 sed

199 418 389 474 equitum
425 417 621 472 plerique
650 428 722 459 ae⁴
740 419 1002 469 senatorum,
1043 416 1183 470 posito
1221 420 1337 459 metu
1365 417 1548 470 incauti,
1588 415 1784 460 refractis
1819 417 1977 461 Palatii

197 485 359 541 foribus
379 484 503 540 ruere
521 497 637 539 intus
660 508 711 539 ac
732 508 779 538 se
797 495 959 538 Galbae
981 499 1210 549 ostentare,
1240 500 1514 551 praereptam
1539 496 1622 539 sibi
1647 497 1853 540 ultionem
1873 510 1975 552 que-

196 580 359 631 rentes,
387 577 686 631 ignavissimus
715 576 892 630 quisque
921 579 984 629 et,
1015 579 1065 618 ut
1093 589 1161 619 res
1192 576 1361 630 docuit,
1389 577 1433 619 in
1462 576 1651 631 periculo
1679 590 1763 620 non
1792 590 1975 621 ausurus

196 656 317 700 nimii
335 656 489 710 verbis,
512 656 683 710 linguae
703 655 884 708 feroces;
914 668 1036 698 nemo
1056 656 1166 698 scire
1187 659 1230 698 et
1251 669 1394 699 omnae
1415 655 1653 711 adfirmare,
1683 658 1816 700 donec
1831 658 1975 712 inopia
2009 666 2031 698 5

196 737 288 780 veri
314 740 359 780 et
387 749 592 780 consensu
621 736 852 779 errantium
882 736 1020 778 victus
1050 739 1220 790 sumpto
1250 735 1424 779 thorace
1448 736 1585 780 Galba
1611 738 1798 780 inruenti
1823 737 1975 781 turbae

193 828 332 872 neque
358 820 502 859 aetate
528 829 664 871 neque
693 828 868 870 corpore
897 816 1101 859 resistens
1138 815 1244 858 sella
1277 815 1502 859 levaretur.
1545 816 1693 860 obvius
1732 818 1776 860 in
1805 817 1973 861 Palatio

193 895 330 939 Iulius
352 897 522 940 Atticus
551 896 794 950 speculator
822 900 1041 939 cruentum
1064 896 1252 950 gladium
1272 900 1490 939 ostentans
1513 897 1698 939 occisum
1728 910 1756 940 a
1773 910 1821 940 se
1838 898 1972 940 Otho-

194 987 291 1020 nem
327 976 600 1029 exclamavit;
641 980 685 1019 et
724 975 862 1019 Galba
899 976 1194 1030 „commilito“,
1235 977 1397 1030 inquit,
1439 977 1559 1031 „quis
1588 977 1716 1020 iussit
1724 978 1771 1019 ‘?“
1815 978 1971 1031 insigni

194 1057 334 1099 animo
373 1058 430 1100 ad
468 1057 740 1100 coercendam
770 1056 997 1099 militarem
1025 1056 1260 1109 licentiam,
1298 1056 1558 1100 minantibus
1596 1057 1855 1112 intrepidus,
1894 1058 1970 1101 ad-
1983 1070 2027 1100 10

193 1148 343 1179 versus
371 1136 635 1180 blandientes
665 1137 948 1190 incorruptus.

309 1215 403 1272 (36)
432 1216 561 1259 Haud
581 1216 735 1259 dubiae
759 1217 845 1259 iam
867 1217 911 1259 in
933 1216 1085 1259 castris
1104 1216 1290 1258 omnium
1315 1220 1479 1260 mentes
1500 1220 1730 1272 tantusque
1750 1219 1890 1272 ardor,
1920 1222 1988 1261 ut·

192 1309 277 1340 non
305 1297 491 1340 contenti
519 1297 687 1351 agmine
715 1300 759 1339 et
783 1296 1029 1350 corporibus
1058 1297 1102 1338 in
1130 1300 1349 1350 suggestu,
1377 1298 1421 1340 in
1450 1311 1532 1352 quo
1554 1298 1683 1352 paulo
1712 1302 1811 1341 ante
1839 1311 1970 1341 aurea

193 1375 357 1420 Galbae
383 1380 530 1420 statua
554 1375 708 1429 fuerat,
736 1377 922 1419 medium
951 1377 1063 1419 inter
1084 1376 1208 1430 signa
1228 1377 1436 1420 Othonem
1456 1377 1621 1420 vexillis
1643 1379 1965 1421 circumdarent.

191 1468 270 1500 nec
297 1456 479 1505 tribunis
508 1461 586 1500 aut
614 1456 927 1499 centurionibus
957 1457 1142 1499 adeundi
1169 1457 1307 1500 locus:
1338 1458 1559 1512 gregarius
1588 1458 1709 1501 milae
1733 1459 1875 1502 caveri
1902 1459 1966 1501 in-
1980 1471 2022 1501 15

190 1549 321 1591 super
348 1538 617 1592 praepositos
646 1536 830 1580 iubebat.
860 1540 1051 1591 strepere
1080 1540 1233 1580 cuncta
1252 1537 1505 1580 clamoribus
1534 1541 1579 1581 et
1607 1539 1793 1582 tumultu
1823 1543 1867 1582 et
1895 1552 1966 1582 ex-

190 1617 432 1660 hortatione
451 1621 612 1671 mutua,
641 1630 724 1659 non
746 1620 948 1671 tanquam
967 1617 1010 1659 in
1029 1616 1189 1671 populo
1208 1629 1258 1660 ac
1281 1617 1408 1672 plebe'
1423 1619 1554 1661 variis
1577 1620 1696 1674 segni
1722 1620 1966 1663 adulatione

191 1696 377 1751 vocibus,
406 1698 483 1741 sed
502 1701 551 1741 ut
570 1710 778 1752 quemque
806 1695 1083 1740 adfluentium
1104 1697 1287 1741 militum
1308 1703 1576 1753 aspexerant,
1604 1712 1807 1754 prensare
1829 1700 1963 1743 mani-

282 1894 303 1924 3
326 1902 441 1924 reuere
465 1891 576 1935 (prim.
594 1903 613 1924 e
629 1897 750 1933 pundo
765 1893 824 1924 del.
846 1892 910 1935 lm)
979 1892 1066 1923 intro
1090 1892 1260 1924 Acidalia&
1330 1895 1351 1925 5
1376 1895 1503 1926 seroces
1525 1895 1677 1935 [Apsias.-
1700 1895 1818 1926 ferocis
1834 1897 1963 1935 (lingua

190 1939 318 1970 feroces
342 1939 494 1980 Georges)
574 1942 593 1972 7
627 1940 782 1970 resistens
812 1940 959 1970 Faenum
982 1942 1016 1969 et
1038 1939 1191 1978 Lipsius.-
1213 1940 1334 1971 sistens
1417 1943 1458 1972 12
1493 1941 1579 1980 dube
1668 1943 1709 1971 14
1744 1942 1962 1972 circumdaret

189 1985 228 2024 (n
265 1994 422 2024 super-aer.
463 1986 527 2025 lm)
621 1986 664 2017 15
705 1986 876 2025 gregarius
971 1985 1013 2015 16
1053 1985 1256 2017 exortatione
1351 1987 1394 2018 18
1432 1996 1559 2026 quenq3
1652 1987 1803 2027 pressare
1841 1989 1962 2030 (notam

236 2214 291 2246 35.
327 2213 362 2245 in
385 2211 539 2257 ptam]
573 2214 642 2245 scil„
667 2223 899 2254 prorumpere,
934 2213 1057 2245 effundi
1091 2211 1198 2254 ἔδειξε
1229 2214 1279 2258 τῷ
1304 2212 1426 2259 Γάλβᾳ
1456 2212 1495 2248 τὸ
1521 2212 1618 2257 ξίφος
1648 2211 1869 2258 ᾐμαγμένων.
1915 2210 1958 2247 Ὀ

189 2271 277 2311 quod
308 2271 501 2303 eliciendum
533 2280 551 2302 e
585 2280 653 2310 seq.
687 2281 719 2301 v.
743 2281 837 2301 ruere
843 2281 859 2310 ;
892 2271 1058 2310 pertinent
1089 2268 1129 2305 δὲ
1153 2270 1283 2314 βλέψας
1306 2269 1391 2314 πρὸς
1414 2268 1516 2306 αὐτόν
1541 2270 1632 2314 ,,Τίς
1656 2271 1721 2304 σε“
1745 2267 1835 2304 εἶπεν
1860 2269 1959 2310 „exg-

188 2332 299 2360 autem
320 2329 402 2360 haee
425 2328 467 2359 ad
489 2328 647 2368 populum
671 2332 703 2359 et
726 2327 865 2368 plebem.
892 2346 932 2351 —-
957 2325 1054 2371 ἔκαιε]
1090 2327 1233 2368 λευσε;“
1270 2327 1341 2362 Τοῦ
1365 2325 1405 2363 δὲ
1427 2326 1607 2369 ἀνθρώπου
1630 2326 1693 2370 τὴν
1716 2327 1826 2361 πίστιν
1851 2325 1958 2362 εἰπόν·

188 2386 270 2418 haee
292 2385 478 2418 reseruntur
501 2386 544 2417 ad
567 2385 695 2424 equites
717 2389 751 2416 et
775 2388 954 2416 senatores.
1003 2385 1055 2417 Εο
1089 2395 1146 2423 τος
1169 2384 1228 2419 καὶ
1251 2383 1308 2420 τὸν
1333 2381 1455 2428 ὅρκον,
1487 2379 1525 2419 ὃν
1549 2381 1686 2428 ὤμοσε,
1711 2383 1771 2417 καὶ
1793 2384 1851 2419 τοῦ
1875 2383 1958 2429 πλή-

186 2443 297 2484 iuream
318 2444 405 2475 iniero
425 2454 495 2475 sum
517 2442 720 2474 soloecismis
743 2442 936 2473 adnumerat
954 2442 1056 2482 Quin·
1090 2442 1171 2480 ξπους
1195 2440 1415 2486 ἐπιβοῶντος,
1439 2439 1489 2480 ὥς
1512 2433 1563 2480 εὖ,
1588 2440 1648 2475 καὶ
1671 2441 1874 2483 κροτοῦντος,
1899 2440 1958 2485 έμ-

188 2500 237 2532 til.
263 2502 294 2539 1,
317 2499 350 2540 5,
375 2501 429 2532 50.
475 2500 586 2532 Habet
608 2504 718 2531 tamen
741 2500 823 2531 Cato
846 2499 885 2530 R.
909 2499 950 2531 R.
975 2500 1053 2539 157,
1090 2495 1154 2542 βὰς
1178 2498 1226 2538 εἰς
1250 2497 1287 2534 τὸ
1313 2502 1446 2542 φορεῖον
1469 2497 1644 2541 ἐκομίζετο
1665 2498 1714 2542 τῷ
1731 2509 1769 2532 τε
1785 2497 1839 2532 Διὶ
1854 2498 1959 2533 θῦσαι

190 2559 231 2590 ¹1:
262 2558 368 2590 omnia
399 2567 483 2589 sana
504 2557 612 2598 saciet
642 2556 832 2599 (brassica),
866 2557 951 2588 ἰσων-ο
974 2567 1054 2596 quae
1088 2554 1148 2589 καὶ
1185 2557 1333 2599 φανῆναι
1371 2559 1440 2595 τοῖς
1478 2555 1627 2595 πολίταις
1664 2553 1872 2600 βουλόμενος.
1913 2557 1955 2589 ef.

186 2614 387 2655 dolt'tabnmn
418 2619 451 2646 et
474 2615 598 2647 Caesar
620 2614 651 2646 b.
677 2624 704 2646 c.
728 2616 760 2654 3,
786 2616 846 2647 26:
878 2625 938 2654 quo
961 2614 1056 2647 sivmal
1089 2613 1176 2645 Suet.
1203 2613 1242 2645 G.
1271 2616 1324 2646 19.
1356 2614 1421 2645 Dio
1447 2615 1502 2653 64,
1526 2615 1557 2644 6.

187 2675 284 2711 atque
303 2672 389 2704 inum
410 2672 482 2714 (alii
504 2672 597 2704 codd.
622 2669 719 2715 astro)
742 2676 789 2703 cst
810 2672 896 2703 iam.
920 2671 1052 2703 Onnnn.
1135 2672 1187 2703 36.
1212 2672 1334 2710 amine
1358 2677 1387 2702 οε
1410 2669 1607 2714 corpor-{lm}
1633 2671 1762 2710 agmine
1779 2671 1864 2701 sacto
1887 2671 1956 2702 suis

187 2729 287 2761 Hand
313 2730 407 2762 Tui-s.
432 2730 491 2761 111.
515 2740 546 2770 p.
565 2731 632 2762 442
656 2733 689 2760 et
712 2730 790 2769 449,
815 2729 872 2760 ubi
895 2733 1055 2760 monstrat
1088 2728 1281 2767 corporibus
1312 2728 1476 2760 Othonem
1509 2728 1727 2767 circumdare,
1763 2729 1850 2767 quod
1882 2739 1954 2760 ver-

188 2785 321 2818 Celsum
359 2792 474 2826 quater
511 2798 543 2819 v.
576 2787 662 2819 ὐιιω
700 2787 747 2818 sie
785 2796 970 2826 usurpuse.
1008 2803 1053 2809 —
1088 2784 1165 2816 bum
1189 2795 1230 2816 ex
1247 2786 1458 2824 sequentibus
1474 2786 1536 2816 hue
1552 2785 1790 2816 retrahendum.
1814 2786 1953 2816 Duum.

186 2842 313 2883 linquae
341 2843 497 2889 ferocem]
534 2845 620 2876 Ann.
656 2846 673 2875 1
688 2867 697 2883 ,
721 2845 764 2875 32
805 2844 908 2874 ωιὺηί
929 2845 1054 2884 feroz;
1089 2859 1133 2865 —-
1156 2842 1191 2872 in
1214 2841 1373 2886 suqycstu]
1399 2847 1431 2874 et
1454 2843 1584 2881 quidem
1607 2842 1673 2879 ita,
1709 2846 1744 2872 ut
1766 2847 1846 2882 quot
1868 2843 1953 2874 mili-

188 2902 223 2940 4,
240 2903 282 2933 12
300 2901 404 2940 ferox
426 2901 576 2933 εσάα-ιηη
599 2902 640 2932 cf.
662 2901 792 2940 Draqer
814 2902 908 2942 Synt.
932 2902 951 2942 ξ
970 2903 1009 2932 71
1021 2900 1052 2931 b.
1088 2899 1176 2930 tibus
1198 2899 1243 2930 ibi
1267 2900 1358 2931 locus
1382 2904 1485 2938 esset,
1511 2903 1701 2939 suggestum
1723 2900 1952 2940 escenderent;

190 2972 235 2981 —
255 2958 396 3003 ‘hm-aee]
431 2962 520 2992 suet.
548 2957 588 2990 G.
616 2959 678 2989 19:
712 2958 846 2990 loricam
876 2963 982 2989 tamen
1006 2958 1052 2988 in·
1087 2957 1186 2988 ceteri
1222 2957 1332 2988 densis
1365 2956 1533 2988 ordinibus
1569 2956 1653 2986 infra
1687 2956 1873 2988 adstabant.
1908 2976 1952 2981 —

191 3013 407 3047 &alflaan
431 3034 476 3040 —
500 3016 600 3047 luzan
616 3014 754 3059 Λαΐου]
779 3016 861 3057 Rem
877 3016 926 3047 sic
941 3019 1053 3045 narrat
1087 3013 1212 3044 Galbae
1240 3012 1361 3057 uacua]
1392 3015 1541 3054 Apparet
1562 3014 1608 3044 ita
1631 3016 1707 3044 tunc
1729 3018 1895 3054 receptum
1918 3015 1952 3046 in

189 3069 383 3105 Plutarchus
406 3073 447 3104 G.
471 3074 534 3105 26:
570 3069 656 3115 μετὰ
689 3069 808 3115 μικρὸν
839 3066 944 3115 ὤφξῐη
967 3066 1052 3104 Ἰού·
1086 3071 1211 3102 castris.
1249 3071 1288 3101 A.
1317 3072 1370 3110 15,
1395 3073 1457 3103 29:
1483 3070 1590 3101 Medio
1611 3069 1754 3101 tribu-al
1773 3071 1876 3102 sedem
1899 3082 1951 3102 eu—

191 3122 430 3168 λιος”Δττικος
458 3129 525 3163 τῶν
549 3126 612 3162 οὐκ
634 3124 779 3172 ἀσήμων
807 3126 841 3162 ἐν
864 3131 934 3166 τοῖς
957 3129 1052 3170 δορυ·
1085 3120 1183 3158 mler'n
1229 3133 1258 3158 et
1296 3129 1385 3159 sedes
1422 3129 1558 3169 effiqiem
1594 3127 1731 3159 Neronis
1771 3128 1949 3159 manichae.

190 3180 308 3225 φόροις
331 3183 592 3228 στρατευόμενος
623 3186 740 3230 γυμνῷ
764 3184 813 3229 τῷ
838 3183 928 3228 ξίφει
951 3194 1049 3227 προσ·
1085 3185 1181 3216 Lu‘s.
1208 3202 1250 3207 —-
1279 3183 1448 3229 prensare]
1486 3186 1558 3216 Hoc
1591 3186 1682 3225 loco,
1719 3185 1774 3216 ubi
1807 3186 1951 3226 iungitur

189 3237 373 3283 φφόμῧος
394 3242 452 3276 καὶ
471 3243 559 3287 βοῶν
581 3239 786 3287 ἀνῃρηκέναι
803 3239 860 3276 τὸν
877 3240 1051 3282 Καίσαρος
1084 3241 1246 3273 ablativus
1259 3266 1267 3280 ,
1299 3242 1399 3282 recipi
1423 3234 1509 3273 haud
1532 3245 1661 3282 poterat
1683 3243 1769 3274 Med.
1787 3253 1950 3283 mesore,

190 3294 360 3340 muam-
394 3296 572 3344 ὦσέμενος
595 3298 634 3335 δὲ
657 3297 713 3334 διὰ
737 3299 803 3334 τῶν
827 3295 1047 3342 προεστώτων
1083 3303 1116 3331 et
1147 3299 1203 3330 vix
1235 3302 1358 3331 rectum
1390 3299 1520 3331 videtur
1556 3300 1700 3332 eiusdem
1732 3300 1772 3334 Δ.
1798 3302 1858 3339 14,
1885 3301 1947 3336 10:
