2176 3672
703 307 877 352 LIBER
904 308 983 352 111.
1044 307 1144 362 Cap.
1179 308 1245 353 10.
1276 310 1343 365 12.
1824 307 1910 351 399

137 423 318 467 militari
335 422 447 467 vallo
466 422 677 466 Veronam
697 423 960 466 circumdare
978 423 1152 477 placuit.
1184 422 1295 467 forte
1317 422 1554 466 Galbianae
1574 422 1731 477 legioni
1759 422 1802 465 in
1833 422 1910 465 ad-

138 516 266 548 versa
283 502 424 546 fronte
442 502 545 546 valli
565 516 672 557 opus
691 507 892 557 cesserat,
913 507 958 546 et
974 503 1057 547 visi
1077 503 1223 558 procul
1244 503 1451 547 sociorum
1473 503 1639 557 equites
1659 515 1810 546 vanam
1825 501 1910 545 for-

138 583 341 628 midinem
356 589 410 626 ‘ut
439 582 585 627 hostes
613 582 762 628 fecere.
794 584 1020 638 rapiuntur
1049 596 1169 627 arma
1198 589 1315 628 metu
1343 584 1611 638 proditionis.
1641 583 1708 626 ira
1726 583 1910 627 militum

139 665 185 709 in
223 647 448 719 Tampium
477 664 728 707 Flavianum
771 664 984 708 incubuit:
1023 664 1139 707 nullo
1178 665 1366 708 criminis
1406 669 1668 718 argumento,
1709 664 1786 707 sed
1825 663 1910 706 iam
1951 719 1954 721 Δ

138 745 306 799 pridem
335 745 499 788 invisus
528 745 698 788 turbine
728 745 909 799 quodam
940 745 997 788 ad
1027 745 1202 788 exitium
1222 745 1502 799 poscebatur:
1530 745 1815 799 propinquum
1835 744 1912 787 Vi·
1947 755 1967 784 5

139 824 263 879 tellii,
281 826 544 880 proditorem
565 825 760 878 Othonis,
790 826 1115 880 interceptorem
1137 826 1330 869 donativi
1350 825 1641 869 clamitabant.
1670 837 1748 868 nec
1767 823 1910 868 defen-

139 905 250 949 sioni
268 905 398 959 locus,
428 918 668 960 quanquam
690 906 905 961 supplices
925 919 1076 950 manus
1096 907 1304 960 tenderet,
1328 906 1447 949 humi
1466 906 1716 961 plerumque
1734 909 1912 959 stratus,

139 985 283 1030 lacera
311 990 442 1040 veste,
472 990 622 1041 pectus
654 991 784 1041 atque
802 1000 878 1030 ora
898 987 1088 1042 singultu
1117 987 1325 1041 quatiens.
1355 987 1402 1030 id
1430 988 1571 1041 ipsum
1591 987 1706 1041 apud
1725 986 1912 1030 infensos

139 1066 463 1110 incitamentum
494 1072 600 1120 erat,
629 1072 832 1122 tanquam
861 1069 1018 1111 nimius
1047 1081 1182 1122 pavor
1202 1068 1502 1111 conscientiam
1523 1071 1735 1122 argueret.
1764 1067 1912 1111 obtur-

140 1146 327 1191 babatur
355 1147 538 1191 militum
567 1148 740 1192 vocibus
770 1149 975 1203 Aponius,
1007 1161 1101 1192 cum
1131 1149 1246 1203 loqui
1276 1152 1515 1202 coeptaret3
1552 1148 1726 1191 fremitu
1755 1153 1800 1191 et
1828 1148 1913 1192 cla-
1929 1155 1971 1184 1⁰

142 1240 260 1272 more
289 1233 455 1272 ceteros
483 1234 780 1283 aspernantur.
810 1230 882 1272 uni
913 1230 1097 1273 Antonio
1126 1233 1301 1284 apertae
1326 1229 1510 1272 militum
1540 1241 1692 1273 aures:
1732 1241 1914 1282 namque

141 1313 187 1352 et
214 1307 416 1352 facundia
445 1310 598 1353 aderat
626 1309 921 1364 mulcendique
951 1310 1123 1365 vulgum
1161 1314 1276 1354 artes
1298 1314 1343 1353 et
1371 1310 1619 1353 auctoritas.
1661 1309 1735 1352 ubi
1764 1309 1913 1352 crude-

141 1400 259 1433 scere
287 1389 443 1433 seditio
473 1394 518 1433 et
547 1403 574 1432 a
604 1391 803 1434 conviciis
834 1403 884 1434 ac
905 1391 1072 1444 probris
1093 1392 1148 1434 ad
1170 1391 1258 1434 tela
1286 1395 1331 1434 et
1360 1403 1510 1434 manus
1530 1390 1784 1442 transibant,
1814 1389 1914 1432 inici

142 1472 317 1524 catenas
346 1469 550 1512 Flaviano
578 1470 707 1514 iubet.
752 1471 887 1514 sensit
915 1471 1148 1514 ludibrium
1170 1471 1292 1515 miles
1313 1471 1599 1525 disiectisque,
1630 1471 1703 1524 qui
1725 1469 1913 1513 tribunal

142 1548 387 1603 tuebantur,
418 1555 607 1593 extrema
637 1552 703 1594 vis
723 1551 970 1606 parabatur.
1015 1552 1218 1606 opposuit
1237 1552 1376 1595 sinum
1398 1552 1608 1594 Antonius
1630 1551 1780 1594 stricto
1800 1549 1915 1594 ferro
1930 1559 1970 1588 15

141 1633 219 1674 aut
237 1629 419 1673 militum
440 1643 487 1673 se
508 1631 706 1675 manibus
726 1636 802 1674 aut
822 1632 912 1675 suis
931 1633 1184 1676 moriturum
1206 1632 1439 1685 obtestans,
1469 1636 1519 1675 ut
1541 1644 1747 1686 quemque
1766 1635 1914 1673 notum

146 1714 191 1754 et
219 1710 362 1765 aliquo
390 1711 568 1755 militari
598 1713 751 1755 decore
780 1713 988 1767 insignem
1019 1717 1257 1766 aspexerat,
1288 1714 1342 1756 ad
1363 1712 1579 1756 ferendam
1599 1725 1723 1766 opem
1747 1711 1916 1754 nomine

147 1791 277 1834 ciens.
325 1804 421 1834 mox
451 1804 678 1836 conversus
707 1794 763 1836 ad
794 1794 917 1848 signa
946 1798 991 1837 et
1020 1794 1224 1837 bellorum
1255 1795 1358 1837 deos
1394 1793 1579 1837 hostium
1622 1793 1767 1847 potius
1797 1804 1915 1835 exer-

147 1870 303 1915 citibus
331 1871 450 1914 illum
480 1872 679 1925 furorem,
707 1873 826 1917 illam
847 1875 1104 1918 discordiam
1126 1875 1332 1918 inicerent
1351 1874 1517 1928 orabat,
1547 1875 1678 1917 donec
1697 1872 1916 1916 fatisceret

146 1951 302 1995 seditio
330 1955 375 1995 et
403 1956 593 1996 extremo
624 1954 707 1996 iam
740 1954 811 1997 die
839 1967 918 1997 sua
947 1955 1126 2008 quisque
1167 1955 1210 1997 in
1241 1955 1427 1997 tentoria
1457 1954 1759 1997 dilaberentur.
1819 1964 1916 2006 pro-
1930 1958 1972 1988 20

145 2029 282 2074 fectus
335 2032 483 2075 eadem
532 2039 655 2077 nocte
707 2035 936 2078 Flavianus
988 2035 1123 2078 obviis
1179 2035 1429 2089 Vespasiani
1474 2034 1633 2077 litteris
1683 2033 1917 2077 discrimini

146 2115 368 2166 exemptus
396 2118 475 2156 est.
535 2115 632 2169 (11)
661 2115 848 2170 legiones
887 2115 1003 2158 velut
1045 2116 1145 2159 tabe
1186 2115 1368 2159 infectae
1398 2115 1610 2169 Aponium
1642 2114 1916 2158 Saturninum

286 2242 301 2270 1
329 2239 479 2279 galbiane
572 2243 591 2272 2
617 2241 747 2277 uisilln
771 2243 884 2280 procul
919 2240 970 2284 (In
1001 2242 1062 2275 del.
1090 2242 1169 2280 lm),
1228 2242 1305 2273 inde
1330 2243 1442 2281 procui
1476 2241 1690 2272 Weissenborn
1783 2242 1802 2271 3
1828 2249 1919 2271 arma

145 2288 233 2315 metu
265 2285 432 2317 Faernus:
470 2290 562 2317 arma
594 2288 717 2328 (notam
751 2287 812 2318 del.
838 2289 904 2326 2m)
938 2294 971 2318 et
1002 2292 1038 2318 ut
1072 2288 1177 2328 (arma
1211 2292 1244 2318 et
1277 2292 1367 2318 metu
1401 2287 1601 2327 Nipperdey)
1692 2289 1712 2317 4
1745 2286 1917 2325 Tampium

147 2331 313 2362 Faernus:
337 2332 499 2372 ‘Pamph-1
570 2335 589 2364 6
614 2333 803 2364 clamitabat
826 2333 862 2375 (n
886 2344 1042 2374 mperser.
1072 2333 1137 2375 lm)
1217 2333 1296 2375 9110
1321 2333 1515 2364 obturbatur
1539 2333 1642 2364 Orelli
1709 2334 1752 2364 10
1775 2336 1920 2371 ceptaret

148 2377 189 2407 11
215 2377 456 2416 aspernabatur
471 2377 545 2421 (eie)
569 2378 587 2409 l·
666 2389 772 2418 nanq3
867 2382 908 2411 16
933 2389 1065 2420 quenq3
1160 2382 1200 2411 17
1226 2383 1400 2419 aspexerat
1414 2401 1423 2409 .
1437 2380 1617 2410 auferenda
1702 2381 1743 2411 19
1768 2378 1918 2409 fatiscere

146 2424 188 2454 21
216 2422 415 2454 discriminis
439 2422 468 2466 (s
492 2425 552 2455 dez.
584 2423 644 2466 lm)
738 2427 780 2457 22
806 2425 905 2457 uelud

145 2537 220 2568 nale
252 2537 291 2568 ds·
321 2538 422 2569 Roma
458 2538 524 2568 XV
548 2543 575 2570 l.
602 2557 646 2562 ——
670 2540 808 2570 ’παίων-ι’
837 2538 937 2583 vano]
975 2532 1118 2588 exltota
1153 2539 1325 2570 castrensis
1356 2540 1451 2577 siqua
1484 2543 1661 2575 veneratur,
1695 2538 1789 2578 signa
1819 2538 1917 2574 iurat,

147 2594 277 2634 legibus
301 2595 494 2635 disciplinae
517 2597 669 2627 militaris
693 2600 825 2627 structo.
839 2616 881 2620 —
894 2597 1016 2627 tun-bine
1031 2607 1034 2651 Ι
1052 2597 1146 2636 siqrm
1162 2597 1303 2627 omnihus
1316 2596 1385 2627 deis
1396 2596 1577 2635 praeponit.
1604 2595 1755 2626 Ceterum
1767 2594 1918 2625 bellorum

147 2650 297 2694 quodam]
329 2653 450 2692 impetu
485 2653 666 2692 repentino.
700 2653 787 2685 Ean.
813 2672 856 2676 —
884 2654 1017 2693 propin·
1032 2657 1035 2701 !
1051 2653 1104 2683 dei
1126 2658 1202 2684 sunt
1214 2654 1315 2689 Mars,
1333 2652 1494 2691 Minerva,
1512 2653 1659 2687 Bellona,
1672 2652 1794 2688 Virtus,
1808 2651 1918 2681 Victo-

146 2709 258 2750 quum]
281 2709 432 2740 adfinem.
458 2720 484 2740 c.
514 2713 544 2741 4.
571 2729 614 2733 —
638 2710 794 2751 Aponius]
819 2711 871 2741 cui
896 2719 1016 2748 cogno·
1032 2714 1035 2728 ¹
1051 2711 1110 2747 ria,
1134 2711 1255 2747 Pavor,
1280 2710 1402 2746 Pallor,
1428 2719 1566 2748 quorum
1581 2708 1741 2747 imagines
1761 2718 1799 2738 ex
1816 2707 1919 2746 signis

146 2776 222 2797 men
245 2766 448 2798 Samminms.
474 2769 599 2799 c.9.—
623 2767 680 2798 ubi
700 2767 881 2798 crudescere
906 2767 1035 2798 seditio
1052 2767 1231 2804 fulgebant.
1257 2786 1299 2790 —
1324 2766 1470 2807 hostium]
1495 2766 1588 2804 virg.
1614 2764 1673 2796 Ge.
1701 2768 1731 2800 3.
1757 2765 1845 2796 513:
1876 2765 1923 2795 Di

146 2827 228 2854 ct·-
248 2822 442 2867 truncabant]
469 2825 509 2856 de
535 2825 699 2856 infinitivo
724 2824 879 2855 historico
905 2828 936 2855 et
960 2824 1017 2853 im·
1052 2823 1186 2854 meliora
1213 2825 1280 2864 piis
1317 2834 1514 2862 erroremque
1557 2822 1697 2853 honam
1729 2822 1843 2852 illum!
1876 2839 1918 2844 —-—

147 2879 290 2919 perfecto
315 2881 424 2912 iuncto
449 2882 490 2914 cf.
517 2883 644 2922 Dra‘qer
669 2882 760 2921 Synt.
784 2882 804 2922 ξ
830 2883 906 2918 172,
929 2880 959 2911 b.
974 2898 1019 2903 --
1049 2879 1227 2924 fatiscent]
1244 2882 1412 2920 paullatim
1429 2881 1677 2919 elanguesceret
1689 2888 1727 2910 ac
1738 2879 1918 2915 sedaretur,

149 2937 298 2968 municas
329 2948 371 2968 ae
398 2937 543 2982 probris]
580 2939 749 2970 consociat
791 2938 904 2969 eadem
938 2939 1019 2968 haec
1054 2938 1245 2977 metaphora
1269 2938 1441 2977 desumpta
1465 2947 1484 2968 a
1509 2943 1598 2968 terra
1621 2936 1711 2968 rimis
1736 2935 1917 2966 fatiscente.

147 2993 252 3024 verba
285 2994 383 3026 etiam
408 2998 440 3035 1,
465 2998 508 3028 4⁵1
545 3000 578 3027 et
610 2999 643 3035 2,
669 2998 724 3027 52.
755 3012 796 3016 —
833 2994 1015 3033 ludibrium]
1054 3012 1097 3017 —
1121 2994 1219 3025 obviis
1252 2995 1442 3034 Vespasiani
1462 2992 1589 3036 litteris]
1621 2994 1824 3031 »Antequam
1849 2992 1920 3032 ipse

148 3058 213 3088 quo
236 3050 301 3080 iam
324 3050 382 3081 alii
406 3057 500 3083 erant
516 3053 650 3084 servati.
679 3056 709 3091 1,
726 3053 780 3083 45.
800 3053 854 3083 58.
881 3051 1017 3081 sznx.
1053 3052 1095 3081 ad
1111 3051 1351 3090 Vespasianum
1375 3051 1574 3090 perveniret,
1600 3050 1726 3081 litterae
1749 3054 1781 3081 et
1802 3049 1920 3087 quibus

149 3125 192 3129 —
214 3106 352 3138 nautas-1·
374 3108 496 3150 decore]
522 3109 705 3149 insignibus
730 3112 863 3148 propter
887 3107 1019 3144 egregia
1053 3107 1268 3138 accusabatur
1292 3111 1325 3139 et
1347 3108 1467 3147 quibus
1484 3107 1711 3144 excusabatur,
1736 3107 1777 3137 ad
1797 3116 1920 3137 novum

150 3162 308 3194 facinora.
332 3164 435 3196 Inscr.
461 3175 503 3196 m.
529 3166 602 3197 Lat.
618 3167 659 3196 N.
677 3167 784 3197 3454:
814 3164 869 3195 TI.
886 3163 970 3194 CLA
982 3164 1019 3193 V·
1035 3193 1038 3205 ‚
1054 3164 1235 3203 principem
1259 3164 1378 3195 missae
1402 3168 1506 3195 erant.
1552 3165 1659 3203 Atque
1677 3163 1823 3203 utrisque
1847 3173 1919 3203 per·

149 3218 239 3249 DIO.
265 3237 307 3242 ——
324 3238 366 3243 -
383 3221 530 3252 DONIS.
552 3223 721 3265 Monate).
752 3221 867 3259 TORQ
876 3221 950 3251 VIB
960 3220 1019 3250 Vs.
1035 3219 1038 3257 Ι
1055 3220 1174 3259 pensis,
1201 3220 1424 3259 Vespasianus
1448 3230 1522 3251 eum
1546 3220 1656 3251 statim
1681 3220 1825 3251 absolvit
1837 3220 1919 3260 peri-

150 3275 378 3307 ARMILLIS.
404 3277 491 3308 PHA
499 3278 594 3310 LE'R.
618 3278 805 3311 CORONA.
832 3277 893 3307 NA
905 3276 956 3307 VA
964 3276 1019 3306 LI.
1035 3268 1038 3312 ἓ
1054 3278 1192 3316 culoque
1205 3276 1334 3313 exemit,
1358 3277 1488 3316 scriptis
1506 3281 1538 3308 et
1550 3277 1592 3308 ab
1606 3278 1677 3316 ipso
1690 3276 1818 3315 litteris,
1836 3286 1919 3315 quae

150 3349 193 3355 --
218 3331 266 3362 ad
287 3332 381 3371 sayna
415 3338 443 3364 et
466 3333 616 3366 bellom·-
639 3333 728 3378 deoe]
763 3336 803 3365 es.
829 3336 869 3365 A.
896 3336 927 3370 2,
966 3334 1019 3371 1⁷,
1035 3320 1038 3383 ξ
1054 3333 1215 3364 Flaviano
1239 3333 1346 3364 adhuc
1370 3334 1430 3364 iter
1454 3333 1656 3364 continuanti
1680 3333 1713 3364 in
1737 3333 1792 3364 via
1808 3342 1919 3364 occur-

150 3388 206 3419 ubi
229 3389 360 3427 aquilae
384 3390 534 3422 dicuntur
551 3393 692 3432 propria
706 3391 862 3431 leyionum
878 3391 1017 3421 munina.
1035 3385 1037 3419 ἶ
1053 3394 1194 3420 rei-unta
1222 3388 1332 3421 (380⁸.

149 3446 190 3477 cf.
215 3445 406 3477 Tertullian.
426 3447 563 3486 Apolog.
584 3449 646 3479 16:
671 3447 791 3486 Reliqio
805 3436 1037 3486 Romanorum]
1102 3448 1152 3476 11.
1177 3445 1258 3476 velut
1283 3442 1368 3487 tabe]
1406 3448 1439 3475 ut
1467 3448 1495 3483 l,
1522 3446 1584 3476 26:
1619 3445 1726 3482 bisce-it
1760 3456 1798 3477 ea
1832 3445 1920 3476 tabes
