2176 3672
627 332 800 375 LIBER
828 332 883 375 11.
943 329 1046 385 Cap.
1081 331 1144 374 16.
1179 331 1242 373 17.
1277 330 1341 373 18.
1375 331 1439 374 19.
1833 328 1918 371 325

151 447 356 492 Caecinae
386 448 616 491 exercitum
655 447 816 502 trepidi
852 458 902 490 ac
930 443 1027 488 falsi
1056 446 1313 488 nuntiarent.
1373 443 1468 498 (18)
1500 447 1658 486 certum
1688 446 1782 486 erat
1811 442 1919 496 Spu-

149 528 298 572 rinnae
326 527 383 584 (is
413 528 526 581 enim
553 526 815 572 PlacentIam
845 524 1085 580 optinebat)
1115 525 1295 568 necdum
1325 524 1490 567 venisse
1520 522 1743 566 Caecinam
1773 526 1839 575 et,
1882 522 1919 564 si

149 600 477 664 propinquaret,
507 620 701 651 coercere
730 607 844 648 intra
873 605 1133 647 munimenta
1161 604 1339 647 militem
1368 615 1445 646 nec
1473 603 1553 646 tris
1583 603 1821 657 praetorias
1851 614 1918 645 co-

149 687 296 732 hortes
315 691 359 731 et
376 686 491 730 mille
509 686 751 730 vexillarios
772 698 865 729 cum
887 685 1035 739 paucis
1057 684 1271 738 equitibus
1292 687 1491 727 veterano
1513 683 1718 727 exercitui
1738 682 1917 725 obicere.

153 768 229 812 sed
269 768 502 811 indomitus
540 767 663 809 miles
699 769 743 809 et
771 765 871 808 belli
911 764 1083 819 ignarus
1115 764 1320 818 correptis
1360 764 1492 817 signis
1521 763 1770 817 vexillisque
1798 774 1921 804 ruere
1957 773 1977 802 5

151 851 197 892 et
223 848 425 891 retinenti
454 847 552 890 duci
587 846 674 889 tela
702 846 915 888 intentare
951 845 1107 898 spretis
1138 843 1453 887 centurionibus
1493 843 1779 898 tribunisque:
1821 841 1921 896 quin

150 927 277 983 prodi
305 927 514 970 Othonem
545 930 588 969 et
617 926 797 969 accitum
818 925 1039 968 Caecinam
1066 923 1348 967 clamitabant.
1395 922 1444 967 fit
1473 924 1727 967 temeritatis
1758 922 1921 965 alienae

153 1019 295 1052 comes
324 1006 555 1062 Spurinna,
585 1006 723 1060 primo
754 1009 949 1058 coactus,
980 1017 1075 1047 mox
1105 1004 1214 1047 velle
1243 1003 1469 1057 simulans,
1502 1017 1584 1058 quo
1613 1003 1710 1057 plus
1740 1002 1923 1045 auctori-

151 1088 256 1131 tatis
283 1087 444 1131 inesset
471 1086 671 1140 consiliis,
701 1086 738 1129 si
767 1086 921 1129 seditio
950 1085 1202 1127 mitesceret.
1263 1084 1357 1138 (19)
1388 1087 1616 1138 postquam
1647 1096 1734 1126 non
1762 1083 1849 1125 iam
1878 1082 1922 1124 in

154 1171 383 1222 conspectu
411 1166 555 1209 Padus
584 1171 627 1210 et
653 1179 737 1209 nox
767 1164 1014 1220 appetebat,
1056 1163 1207 1207 vallari
1236 1168 1377 1207 castra
1415 1164 1587 1218 placuit.
1636 1164 1673 1206 is
1702 1163 1824 1206 labor
1852 1175 1923 1204 ur·
1939 1177 1980 1206 ιο

77 1292 83 1298 ,
150 1246 263 1293 bano
290 1247 417 1290 militi
445 1247 643 1289 insolitus
672 1246 893 1289 contundit
922 1245 1095 1288 animos.
1141 1247 1231 1286 tum
1254 1245 1570 1287 vetustissimus
1598 1244 1776 1298 quisque
1797 1243 1924 1285 casti-

152 1340 256 1384 gare
279 1327 579 1371 credulitatem
610 1339 743 1380 suam,
772 1329 932 1369 metum
964 1337 1013 1368 ac
1043 1324 1267 1367 discrimen
1298 1325 1534 1378 ostendere,
1565 1324 1717 1366 sicum
1737 1323 1925 1367 exercitu

155 1407 337 1452 Caecina
364 1407 611 1462 patentibus
641 1407 802 1460 campis
833 1409 921 1448 tam
950 1416 1110 1459 paucas
1139 1403 1333 1447 cohortes
1357 1403 1711 1447 circumfudisset.
1756 1404 1926 1457 iamque

153 1488 260 1532 totis
289 1488 442 1531 castris
470 1488 651 1530 modesti
680 1498 908 1539 sermones,
938 1488 983 1528 et
1001 1484 1286 1528 inserentibus
1313 1497 1359 1528 se
1379 1484 1696 1528 centurionibus
1725 1483 1926 1526 tribunis·

154 1562 239 1624 que
266 1567 435 1611 laudari
462 1567 728 1622 providentia
758 1566 901 1619 ducis,
943 1566 1056 1620 quod
1087 1565 1293 1608 coloniam
1324 1565 1478 1607 virium
1508 1567 1552 1608 et
1580 1577 1709 1618 opum
1739 1563 1924 1607 validam
1943 1579 1981 1609 15

154 1649 287 1692 robur
315 1661 366 1691 ac
394 1648 538 1691 sedem
567 1647 678 1690 bello
708 1647 893 1702 legisset.
940 1647 1033 1700 ipse
1061 1650 1277 1700 postremo
1299 1645 1512 1699 Spurinna
1540 1657 1623 1687 non
1649 1648 1735 1687 tam
1757 1644 1925 1698 culpam

155 1728 415 1784 exprobrans
444 1741 571 1783 quam
600 1728 808 1771 rationem
837 1727 1066 1770 ostendens
1094 1726 1254 1770 relictis
1285 1725 1624 1779 exploratoribus
1646 1729 1808 1767 ceteros
1828 1723 1925 1766 Pla-

157 1809 337 1853 centiam
376 1809 548 1851 reduxit
584 1809 724 1851 minus
761 1807 956 1850 turbidos
995 1810 1039 1850 et
1075 1807 1255 1860 imperia
1292 1806 1558 1860 accipientes.
1602 1805 1775 1848 solidati
1804 1804 1926 1857 muri,

248 1936 268 1966 6
299 1935 481 1976 tribunisq3
517 1934 725 1975 prouidentia
748 1935 839 1965 ducis
863 1934 1008 1973 laudari3
1039 1932 1136 1964 verba
1159 1933 1320 1964 &calcata
1342 1943 1382 1963 ez
1405 1943 1489 1972 seqq.
1519 1932 1655 1963 delenda
1679 1942 1744 1962 esee
1762 1931 1927 1971 perspexit

161 1982 305 2013 Muretus
396 1981 473 2020 quin
511 1981 688 2019 Ayricola:
710 1980 766 2019 qui
789 1981 860 2020 (qui
885 1981 944 2011 del.
970 1980 1007 2010 L.
1026 1979 1159 2019 Spenycl
1180 1984 1209 2010 ec
1232 1980 1278 2010 eie
1301 1980 1423 2017 iunyit:
1454 1981 1637 2018 intentare;
1674 1979 1793 2017 spretis
1816 1982 1925 2008 centu-

158 2027 309 2059 tionibus
331 2026 536 2066 tribunisque
552 2028 646 2066 prodi
663 2026 828 2058 Othonem
845 2044 888 2050 -—
904 2026 1133 2065 clamitabant)
1226 2028 1244 2057 ‘1
1270 2026 1364 2064 prodi
1389 2025 1533 2054 Bekker:
1555 2034 1615 2064 pro
1709 2025 1728 2054 9
1753 2027 1925 2063 postquam

158 2082 225 2104 non
256 2074 322 2104 iam
354 2074 471 2103 Hester
503 2077 533 2103 et
563 2083 664 2112 nuper
693 2072 856 2102 Heraeus.-
888 2070 1060 2114 Postquafl
1151 2074 1189 2102 11
1227 2072 1373 2102 contudit
1407 2070 1469 2100 alii
1560 2072 1599 2101 15
1634 2070 1842 2109 providentia
1877 2069 1925 2098 10.

159 2121 217 2150 Fr.
234 2119 434 2150 Gronovim:
457 2119 663 2158 prouidentia
687 2118 833 2160 (laudare
856 2118 1098 2157 providentiam
1122 2115 1202 2160 alii)
1310 2118 1349 2147 1⁷
1386 2117 1546 2147 rationem
1570 2116 1776 2155 Nipperdey:
1800 2115 1926 2146 ratione

158 2166 318 2206 (rationes
333 2164 516 2204 ΒΙιεηαηω)
608 2164 786 2196 extendens
809 2164 867 2194 sed
888 2174 928 2195 ex
952 2164 986 2193 in
1010 2173 1047 2194 os
1070 2164 1204 2194 mutavit
1229 2165 1280 2193 lm

208 2268 261 2299 18.
294 2272 412 2298 ccv-tum
429 2267 508 2308 erat]
534 2267 656 2307 duplici
674 2276 772 2299 sensu
795 2266 937 2306 positum
955 2269 1022 2298 est:
1038 2274 1042 2294 ι,
1059 2265 1206 2305 expediri
1232 2270 1336 2295 tamen
1366 2265 1473 2295 itineri
1496 2265 1622 2303 sinyula
1649 2263 1739 2293 milia
1762 2273 1801 2292 ex
1825 2262 1924 2293 tribus

160 2325 253 2365 prius
276 2325 438 2365 signifieat
461 2329 546 2355 certo
569 2324 705 2364 sciebat,
739 2328 807 2354 tum
832 2323 1022 2354 decreverat.
1039 2295 1042 2351 Ι
1058 2321 1231 2362 leqionibus
1255 2340 1299 2345 —
1323 2322 1422 2352 iussit.
1458 2339 1503 2345 -—
1536 2322 1612 2360 quin
1640 2320 1741 2360 prodi
1764 2317 1924 2362 Othonem]

163 2400 207 2406 —-
230 2379 424 2425 spur-ennae]
448 2382 627 2413 Vestricius
651 2386 701 2413 est
724 2381 907 2421 Spurinna,
933 2390 1024 2420 egre-
1061 2381 1101 2411 cf.
1124 2380 1292 2411 Plutarch.
1319 2378 1394 2410 Oth.
1421 2380 1460 2410 5:
1498 2374 1515 2412 ὅ
1541 2375 1580 2411 δὲ
1604 2375 1794 2419 Σπουρίνας
1826 2386 1926 2417 προσ-

161 2440 234 2480 gine
264 2440 331 2471 dux
363 2442 396 2470 et
429 2439 484 2477 qui
517 2439 558 2469 ad
592 2439 696 2470 Taciti
731 2438 872 2469 medium
907 2447 1024 2468 aevum
1062 2433 1260 2480 βιαζόμενος
1284 2431 1407 2474 αὐτοὺς
1432 2432 1645 2469 ἐκινδύνευσε
1670 2431 1788 2476 μικρὸν
1814 2429 1926 2466 ἐλθόν-

161 2497 255 2528 vixit.
301 2496 387 2528 Plin.
412 2496 496 2536 Epp.
523 2497 562 2535 2,
588 2499 628 2528 ⁷:
665 2496 750 2526 Here
780 2505 803 2525 a
827 2499 938 2526 senatu
970 2494 1025 2524 Ve-
1061 2502 1122 2531 τας
1155 2489 1282 2526 ἀνελεῖν
1317 2489 1430 2526 αὐτόν.
1472 2485 1604 2534 ὕβρεως
1629 2488 1750 2524 δὲκαὶ
1774 2490 1926 2533 βλασφη-

162 2554 271 2586 ntn‘eio
296 2554 477 2595 Spurinnae
492 2554 641 2594 principe
665 2557 793 2584 auctore
825 2551 1027 2592 tv-a‘umphalis
1063 2548 1142 2593 μίας
1178 2545 1341 2591 οὐδεμιᾶς
1372 2546 1550 2591 ἐφείσαντο
1581 2545 1749 2589 προδότην
1783 2545 1842 2580 καὶ
1874 2547 1926 2579 λυ·

162 2616 271 2643 uam
292 2610 422 2643 acorem
445 2615 492 2642 est
514 2614 574 2642 cet.
622 2611 704 2642 Item
728 2611 813 2650 Epp.
840 2612 872 2650 3,
898 2613 927 2641 1.
973 2611 1026 2640 De
1062 2606 1176 2650 μεῶνα
1199 2606 1266 2639 τῶν
1291 2605 1463 2647 Καίσαρος
1488 2605 1613 2648 καιρῶν
1637 2602 1696 2637 καὶ
1719 2600 1926 2645 πραγμάτων

162 2670 233 2701 vita
256 2669 327 2701 eius
349 2679 383 2700 v.
409 2669 557 2708 Bayerus
588 2668 623 2700 in
648 2668 772 2700 Corum.
799 2668 965 2707 Petropol.
993 2668 1026 2698 11
1063 2662 1224 2707 λέγοντες.

165 2737 199 2768 p.
218 2728 295 2759 811.
333 2726 480 2758 Vestritii
504 2724 555 2767 (ut
578 2726 633 2756 alii
658 2724 817 2767 scribunt)
841 2725 1026 2765 Spurinnae

163 2785 311 2826 Lyricor.
335 2784 440 2823 Beliq.
465 2792 597 2822 recogn.
623 2785 656 2814 et
678 2783 786 2814 adnot.
812 2783 965 2814 instruxit
989 2782 1024 2813 C.
1111 2779 1161 2809 19.
1202 2782 1374 2818 postquam
1397 2786 1459 2807 non
1484 2774 1561 2816 iam]
1596 2785 1658 2805 non
1681 2774 1747 2805 iam
1781 2774 1924 2805 inseren-

165 2843 204 2874 A.
227 2843 273 2874 Π.
295 2842 423 2873 Antius.
457 2841 610 2872 Francos.
636 2841 734 2872 1840.
783 2840 864 2870 Mihi
897 2839 1026 2879 quidem
1063 2836 1139 2866 dum
1163 2835 1287 2875 putavi,
1313 2835 1400 2873 quia,
1425 2843 1498 2864 cum
1522 2842 1542 2863 a
1564 2832 1732 2863 Placentia
1756 2832 1787 2862 in
1813 2835 1925 2871 paten-

166 2901 318 2938 quattuor
336 2898 427 2930 Odae
451 2908 471 2929 a
494 2897 597 2937 Gasp.
615 2898 751 2928 Barthio
776 2897 881 2929 editae
904 2898 937 2928 in
960 2896 1026 2928 Ad-
1063 2897 1112 2923 tes
1145 2901 1278 2931 campos
1311 2891 1544 2931 procederent,
1583 2898 1604 2919 a
1626 2889 1716 2920 Pado
1741 2888 1926 2919 abeundum

166 2964 271 2988 veras.
298 2958 361 2995 14,
387 2957 407 2988 5
441 2956 627 2988 subdititiae
651 2956 823 2994 videntur,
857 2958 955 2994 atquo
989 2954 1026 2984 li·
1064 2950 1123 2980 suit
1147 2953 1179 2980 et
1202 2948 1331 2980 sublato
1356 2958 1373 2979 e
1398 2950 1575 2986 conspectu
1607 2946 1739 2977 flumine
1771 2950 1839 2976 tum
1872 2945 1926 2976 de-

166 3012 283 3044 benter
305 3021 360 3044 ees
383 3013 447 3053 ipsi
469 3013 626 3052 Barthio,
652 3013 738 3044 malo
763 3012 874 3052 utique
898 3015 1026 3051 poetae,
1064 3017 1152 3038 mum
1176 3011 1297 3037 metum
1324 3006 1443 3036 milites
1467 3003 1626 3034 invadere
1649 3002 1796 3042 coepisse
1826 3011 1926 3042 appa-

165 3069 358 3112 tribuerim3
396 3074 483 3102 certe
520 3071 682 3111 pessimae
721 3074 805 3101 sunt.
854 3069 894 3100 cf.
934 3067 1026 3098 Aem.
1046 3083 1047 3089 κ
1065 3068 1124 3096 ret.
1156 3067 1231 3103 post
1248 3073 1321 3093 voc.
1335 3066 1504 3101 postquam
1521 3061 1554 3092 in
1571 3061 1636 3091 fine
1652 3069 1767 3091 versus
1784 3070 1846 3091 non
1862 3059 1927 3090 iam

166 3127 352 3159 Baehrens.-
374 3127 494 3160 Poetae
517 3130 574 3159 lat.
598 3129 677 3159 min.
703 3130 723 3159 5
747 3137 778 3167 p.
803 3127 869 3158 408
887 3135 959 3164 sqq.
989 3143 1026 3148 -
1066 3121 1222 3153 excidisse
1247 3119 1326 3150 mihi
1357 3119 1462 3158 magis
1494 3117 1653 3158 probatur
1685 3126 1782 3156 quam
1806 3117 1926 3147 neraei

166 3182 312 3229 medum]
336 3194 397 3225 pro
419 3186 567 3224 nondum,
592 3191 627 3217 ut
652 3189 683 3226 1,
701 3186 765 3225 313
790 3171 886 3215 aliter
903 3183 1031 3221 Druqcr
1065 3180 1155 3219 prior
1172 3176 1355 3208 emendatio
1380 3186 1396 3206 e
1420 3180 1593 3215 conspectu.
1621 3192 1663 3196 —
1687 3171 1925 3216 mantissimas]

168 3242 261 3284 Synt.
284 3243 304 3283 ἓ
322 3244 397 3274 118.
422 3260 466 3265 —-
500 3244 560 3275 tris
584 3244 770 3283 praetorias
804 3238 956 3283 cohortes]
990 3249 1029 3270 ex
1066 3242 1101 3267 ut
1124 3236 1164 3266 Η.
1192 3237 1222 3274 1,
1249 3236 1303 3273 23,
1329 3233 1512 3272 quicunque
1538 3231 1718 3263 diutissime
1742 3234 1928 3262 meruerant

169 3300 312 3339 quinque
334 3300 399 3331 inis
422 3301 610 3332 memoratis
634 3310 661 3332 c.
684 3303 734 3332 11.
760 3318 804 3324 —
828 3300 911 3330 mille
936 3298 1031 3329 vexil-
1066 3295 1203 3332 ideoque
1243 3291 1443 3331 experientia
1483 3288 1630 3330 praediti.
1669 3305 1711 3310 —
1750 3288 1865 3318 virium
1898 3292 1927 3318 ee

166 3354 284 3399 Iarion]
318 3357 471 3388 videntur
502 3368 574 3389 esse
598 3358 691 3389 electi
723 3367 741 3389 e
764 3358 892 3398 legione
925 3357 1031 3396 prima
1066 3361 1158 3392 opum
1182 3348 1333 3389 validam]
1358 3350 1445 3379 Anu.
1469 3349 1502 3387 4,
1527 3348 1565 3378 21
1594 3344 1711 3377 orandi
1733 3343 1860 3375 validus
1883 3345 1926 3376 es.

168 3413 230 3446 sub
252 3413 376 3445 vexillo
401 3415 583 3454 praemissi,
609 3414 650 3446 es.
676 3424 703 3445 c.
725 3417 777 3446 11.
803 3415 887 3445 Ann.
907 3415 961 3452 15,
989 3414 1030 3444 10
1069 3412 1195 3448 Druyer
1219 3408 1312 3448 Synt.
1337 3405 1357 3446 5
1375 3405 1417 3436 *11
1431 3403 1462 3435 b.

215 3471 358 3503 Tacitus.
396 3473 438 3503 11.
1605 3463 1657 3499 22
