2176 3672
668 321 840 365 LIBER
867 321 946 364 111.
1006 320 1110 375 Gap.
1143 321 1207 363 18.
1243 321 1307 364 19.
1336 320 1405 363 20.
1833 319 1919 362 405

148 439 387 494 propinqua
407 436 746 482 Cremonensium
768 436 932 479 moenia
960 439 1120 489 quanto
1148 435 1245 489 plus
1275 435 1367 488 spei
1397 434 1453 476 ad
1474 433 1686 488 effugium,
1715 434 1918 475 minorem

150 518 208 561 ad
237 517 523 562 resistendum
550 517 738 561 animum
759 516 931 559 dabant.
976 514 1068 571 (19)
1088 527 1166 558 nec
1186 515 1397 558 Antonius
1425 513 1541 556 ultra
1569 513 1742 565 institit,
1762 525 1921 556 memor

149 586 388 642 labor-isac
415 597 647 650 volnerum,
689 596 841 650 quibus
870 600 958 639 tam
989 606 1145 649 anceps
1174 595 1325 649 proelii
1363 594 1547 647 fortuna,
1586 593 1778 648 quamvis
1823 605 1921 647 pro·

149 690 278 733 spero
302 677 402 730 fine,
442 678 607 731 equites
636 689 849 731 equosque
878 674 1185 718 adfiictaverat.
1245 674 1516 717 inumbrante
1544 687 1724 728 vespera
1752 673 1921 717 univer-

149 770 247 802 sum
275 757 469 801 Flaviani
498 757 710 801 exercitus
739 756 868 799 robur
897 755 1083 798 advenit.
1129 759 1260 808 utque
1289 754 1478 798 cumulos
1508 767 1637 808 super
1664 759 1709 797 et
1734 753 1923 797 recentia
1957 767 1977 796 5

149 838 280 882 caede
308 838 490 892 vestigia
518 838 740 889 incessere,
780 835 903 890 quasi
933 834 1191 878 debellatum
1230 833 1354 887 foret,
1392 847 1572 889 pergere
1601 834 1850 877 Cremonam
1878 836 1923 876 et

148 918 285 962 victos
314 919 357 961 in
387 918 645 961 deditionem
676 917 867 971 accipere
905 920 981 959 aut
1009 928 1252 970 expugnare
1282 916 1527 968 deposcunt.
1577 915 1682 958 haec
1710 915 1753 957 in
1783 913 1922 957 medio

148 998 330 1054 pulchra
357 999 489 1052 dictu,
519 998 597 1041 illa
624 998 708 1041 sibi
735 998 926 1051 quisque,
961 1009 1111 1050 »posse
1140 995 1347 1039 coloniam
1375 996 1425 1038 in
1453 995 1582 1049 plano
1610 996 1738 1038 sitam
1759 995 1922 1048 impetu

148 1080 256 1135 capi.
314 1080 426 1122 idem
455 1079 662 1122 audaciae
698 1091 776 1132 per
814 1077 1013 1121 tenebras
1042 1076 1382 1131 inrumpentibus
1421 1080 1466 1119 et
1494 1077 1695 1118 maiorem
1726 1074 1921 1129 rapiendi

147 1160 375 1204 licentiam.
434 1160 588 1214 quodsi
627 1159 762 1203 lucem
802 1158 1091 1213 opperiantur,
1130 1158 1215 1200 iam
1254 1169 1413 1212 pacem,
1454 1157 1538 1199 iam
1579 1169 1727 1210 preces
1764 1160 1809 1199 et
1844 1169 1922 1211 pro
1936 1172 1978 1202 10

149 1240 296 1284 labore
324 1253 375 1284 ac
402 1239 645 1284 volneribus
683 1240 950 1283 clementiam
987 1242 1032 1281 et
1060 1237 1253 1293 gloriam,
1292 1238 1448 1289 inania,
1490 1237 1675 1280 laturos:
1716 1238 1792 1280 sed
1821 1250 1923 1292 opes

149 1320 491 1365 Cremonensium
535 1320 580 1363 in
624 1321 720 1363 sinu
773 1319 1081 1373 praefectorum
1125 1318 1443 1373 legatorumque
1484 1317 1586 1360 fore.
1655 1322 1923 1372 expugnatae

148 1401 268 1446 urbis
296 1403 499 1456 praedam
529 1402 586 1445 ad
615 1401 805 1454 militem,
835 1401 1008 1444 deditae
1037 1400 1094 1442 ad
1123 1401 1253 1442 duces
1273 1398 1523 1451 pertinere«
1548 1401 1807 1452 spernuntur
1827 1410 1922 1441 cen-

149 1481 341 1526 turiones
360 1482 616 1536 tribunique,
646 1494 697 1524 ac
715 1494 770 1524 ne
795 1493 874 1524 vox
894 1481 1141 1534 cuiusquam
1162 1479 1376 1531 audiatur,
1396 1479 1595 1532 quatiunt
1614 1491 1735 1521 arma
1753 1479 1923 1532 rupturi

149 1562 387 1618 imperium,
417 1563 463 1605 ni
492 1563 715 1605 ducantur.
775 1562 870 1615 (20)
899 1565 990 1603 tum
1021 1560 1232 1603 Antonius
1261 1560 1451 1602 inserens
1491 1571 1538 1602 se
1567 1558 1810 1613 manipulis,
1851 1558 1924 1601 ubi
1939 1573 1979 1603 15

148 1646 324 1698 aspectu
353 1647 398 1687 et
426 1643 684 1686 auctoritate
724 1641 940 1685 silentium
980 1640 1154 1693 fecerat,
1193 1653 1275 1682 non
1315 1652 1362 1682 se
1400 1640 1530 1682 decus
1564 1652 1700 1693 neque
1738 1639 1924 1693 pretium

150 1723 316 1778 eripere
343 1726 431 1766 tam
461 1723 568 1767 bene
596 1723 760 1766 meritis
790 1721 1059 1775 adfirmabat,
1094 1722 1195 1764 »sed
1225 1721 1365 1764 divisa
1390 1721 1504 1763 inter
1525 1720 1754 1763 exercitum
1776 1721 1923 1763 duces-

151 1814 233 1856 que
260 1803 432 1846 munia:
476 1803 685 1847 militibus
718 1803 959 1857 cupidinem
990 1801 1208 1856 pugnandi
1239 1800 1473 1854 convenire,
1504 1801 1633 1843 duces
1662 1800 1925 1854 providendo

152 1882 435 1927 consultando
464 1884 733 1927 cunctatione
761 1884 932 1937 saepius
961 1895 1088 1936 quam
1118 1882 1361 1925 temeritate
1380 1881 1596 1934 prodesse.
1637 1885 1686 1923 ut
1714 1893 1792 1935 pro
1811 1880 1926 1923 virili

150 1966 347 2019 portione
376 1965 507 2008 armis
537 1976 588 2007 ac
615 1977 745 2006 manu
774 1963 996 2007 victoriam
1026 1962 1196 2015 iuverit,
1238 1962 1404 2004 ratione
1433 1966 1477 2003 et
1507 1960 1697 2015 consilio,
1740 1960 1925 2015 propriis
1939 1974 1981 2003 20

153 2046 276 2090 ducis
305 2045 484 2099 artibus,
516 2044 799 2099 profuturum.
857 2056 993 2097 neque
1033 2043 1142 2086 enim
1185 2041 1384 2096 ambigua
1428 2054 1522 2085 esse
1551 2054 1659 2095 quae
1688 2045 1926 2093 occurrant,

152 2130 319 2170 noctem
348 2130 394 2169 et
422 2126 595 2180 ignotae
623 2125 752 2168 situm
784 2124 916 2177 urbis,
946 2125 1064 2166 intus
1101 2122 1248 2166 hostes
1287 2126 1330 2164 et
1372 2127 1525 2165 cuncta
1563 2121 1731 2164 insidiis
1769 2133 1925 2175 oppor-

153 2212 270 2251 tuna.
330 2220 411 2250 non
443 2207 480 2250 si
510 2210 690 2260 pateant
728 2209 890 2259 portae,
929 2204 1013 2247 nisi
1042 2203 1274 2257 explorato,
1318 2203 1400 2245 nisi
1430 2203 1512 2255 die,
1554 2202 1812 2244 intrandum.
1872 2214 1926 2243 an

151 2287 508 2342 obpugnationem
528 2286 799 2330 inchoaturos
829 2285 1030 2339 adempto
1059 2284 1172 2326 omni
1202 2287 1443 2337 prospectu,
1474 2283 1571 2336 quis
1600 2283 1760 2336 aequus
1792 2281 1924 2335 locus,

291 2428 312 2458 3
335 2427 430 2467 prelii
502 2428 521 2458 6
546 2434 714 2457 accessere
740 2424 773 2465 (a
796 2423 856 2454 dd.
881 2428 910 2454 et
941 2423 974 2453 in
1001 2432 1156 2462 πυρα-εον.
1186 2424 1260 2460 lm.)
1331 2424 1351 2453 8
1375 2422 1407 2451 in
1443 2421 1519 2451 add.
1543 2421 1735 2451 Ptaeeolamas
1785 2422 1825 2451 10
1846 2423 1927 2459 pecs

155 2474 194 2503 11
220 2471 384 2515 Inmilnia
418 2472 494 2512 (pr.
532 2473 565 2502 ni
601 2471 661 2502 del.
688 2469 765 2509 lm.)
859 2472 900 2501 14
924 2469 1113 2507 quatiuntur
1208 2469 1247 2498 16
1263 2467 1343 2507 ”ptifi
1438 2469 1477 2498 17
1504 2468 1644 2507 eriperet
1676 2476 1717 2497 an
1753 2466 1800 2507 (in
1822 2476 1924 2504 mary.

152 2522 220 2550 tam
245 2519 321 2558 2m.)
415 2520 455 2549 21
482 2522 655 2549 occurrunt
678 2516 736 2546 sed
757 2526 778 2546 a
803 2525 959 2555 superacr.
987 2518 1045 2545 lm.
1150 2515 1192 2544 22
1218 2518 1311 2544 nocte
1404 2518 1539 2544 cunctas
1641 2511 1741 2555 22123
1766 2516 1928 2552 oportuna

151 2671 260 2699 tamen
284 2667 389 2706 gradu
412 2666 607 2698 incedebant
630 2675 704 2696 cum
729 2663 943 2695 auxiliaribus
968 2672 1018 2693 ra·
1035 2650 1041 2685 Ῑ
1058 2661 1162 2702 sitam]
1190 2662 1237 2692 sie
1262 2663 1294 2700 ὁ,
1322 2662 1385 2694 23;
1411 2664 1580 2699 castraque
1603 2661 1637 2691 in
1655 2660 1757 2700 plano
1781 2660 1844 2691 sita
1869 2659 1925 2690 Li-

152 2725 231 2765 pido
254 2725 384 2764 agmine
414 2724 551 2755 ductis«
579 2740 624 2746 —
644 2719 808 2765 mitiorem]
835 2723 876 2752 de
900 2705 1132 2764 omissassvius
1165 2721 1197 2757 9,
1230 2719 1284 2756 26,
1322 2720 1363 2748 2:
1398 2717 1474 2748 urbs
1508 2719 1571 2748 sita
1604 2719 1639 2748 in
1669 2717 1786 2757 plano.
1811 2735 1854 2740 —
1877 2716 1926 2747 ad

153 2783 314 2823 particula
335 2786 425 2812 tanto
454 2782 495 2812 ef.
520 2781 648 2820 Dra'qer
672 2779 764 2820 Synt.
789 2779 809 2819 ξ
834 2779 907 2809 181.
1037 2767 1165 2826 {duces}
1190 2776 1246 2815 qui
1283 2774 1465 2814 potirentur
1498 2776 1636 2814 pecunia
1672 2784 1691 2805 a
1724 2775 1844 2806 deditis
1867 2784 1926 2814 pro

202 2841 253 2871 19.
280 2838 421 2870 cumulos
444 2838 551 2878 super]
587 2839 628 2868 de
661 2837 859 2875 anastrophe
884 2827 1232 2875 praepo-{elementia
1266 2832 1386 2862 oblata.
1423 2832 1495 2861 Liv.
1532 2835 1586 2870 37,
1611 2833 1667 2870 32,
1702 2834 1763 2863 12:
1802 2836 1926 2871 calnae.

154 2897 282 2928 sinonis
305 2897 346 2927 ef.
371 2897 500 2936 maycr
522 2895 616 2935 Synt.
651 2895 670 2934 ξ
697 2895 774 2932 225,
799 2896 828 2925 3.
854 2895 942 2924 Anu.
971 2878 1119 2934 14‚{n0n
1143 2889 1270 2920 dedita·
1293 2889 1396 2928 diupi
1416 2888 1518 2926 urbes,
1554 2894 1584 2919 ee
1613 2890 1647 2919 in
1669 2889 1719 2919 ιιι-ε
1742 2893 1846 2920 tam
1868 2889 1926 2919 im-

154 2956 195 2986 3³1
230 2954 419 2993 confixaque
449 2954 519 2984 telis
533 2953 647 2984 aziam
685 2952 823 2982 ἱωηεηὶα
854 2959 1021 2988 corporum
1038 2974 1041 3001 ι
1052 2947 1226 2987 per-acoris,
1250 2956 1312 2977 non
1334 2946 1468 2976 muitum
1499 2946 1666 2977 arbitrium
1699 2955 1774 2976 esee.
1790 2964 1834 2970 —
1850 2956 1926 2986 rup-

154 3011 310 3042 mulum·
333 3015 492 3042 auxerant
516 3010 630 3040 Livius
650 3010 703 3047 10,
728 3009 782 3045 29,
803 3009 861 3038 19:
885 3005 1021 3037 conculis
1038 3005 1041 3034 ἓ
1058 3005 1126 3035 turi
1144 3001 1323 3045 imperium]
1349 3003 1393 3032 cf.
1417 3004 1502 3032 Ann.
1530 3005 1584 3041 13,
1609 3004 1664 3036 36.

154 3077 270 3109 corpus
293 3078 329 3099 eo
352 3068 415 3106 «Ba,
443 3067 519 3106 quia
543 3066 686 3097 obv-taum
710 3065 917 3104 superstratis
942 3063 1021 3094 Gal·
1104 3062 1159 3093 20.
1177 3070 1241 3101 pro
1276 3060 1366 3090 virui
1396 3057 1557 3102 portione]
1595 3059 1710 3091 Cicero
1745 3069 1784 3090 ae
1809 3060 1926 3091 Livius

155 3125 258 3156 lov-un
280 3125 411 3155 cunulis
435 3129 516 3162 erat,
539 3124 678 3155 inveniri
696 3133 760 3154 non
780 3122 894 3162 ponuat.
916 3139 960 3144 —
975 3131 1022 3151 re·
1059 3119 1246 3159 praeferunt
1264 3127 1328 3157 pro
1350 3117 1443 3147 virili
1458 3121 1568 3156 parte.
1584 3134 1630 3140 —
1653 3120 1772 3147 noctem
1795 3120 1825 3146 ee
1839 3116 1925 3155 iquo-

157 3181 260 3212 oena'a
293 3181 390 3212 caede
423 3179 569 3224 maffia]
615 3181 714 3220 Verg.
749 3163 841 3211 Aen.⁴
868 3181 899 3217 9,
933 3179 1020 3209 454:
1059 3182 1109 3207 tae
1132 3176 1225 3206 situm
1249 3172 1350 3216 urbis]
1383 3174 1516 3205 Tacitus
1555 3179 1629 3205 ante
1664 3175 1775 3204 oculos
1812 3173 1926 3204 habuit

158 3239 264 3277 inqem
295 3247 464 3269 concursus
497 3237 544 3268 ad
575 3239 648 3278 ipsa
672 3237 817 3277 Corpora
849 3235 1022 3266 semimas-
1060 3236 1165 3264 locum
1192 3233 1277 3262 Livii
1292 3234 1323 3270 ⁵,
1350 3233 1403 3269 39,
1431 3234 1449 3262 3
1474 3236 1652 3270 noctemque
1674 3232 1767 3262 venti
1790 3235 1819 3261 ot
1836 3231 1925 3269 ἐφω-

157 3304 217 3333 que
238 3294 325 3326 virm
349 3294 518 3334 tepidaque
540 3300 693 3326 recentem
718 3293 821 3325 Caede
844 3294 956 3323 locum.
979 3310 1021 3314 —
1059 3296 1109 3322 tae
1133 3291 1226 3321 situm
1249 3288 1346 3319 urbis.
1385 3291 1470 3321 Eas.
1500 3308 1539 3312 —
1564 3290 1595 3320 εἰ
1610 3285 1759 3330 pateant]
1787 3297 1849 3318 »ne
1877 3288 1926 3317 in-

156 3352 236 3382 haec
257 3351 293 3382 in
314 3349 429 3394 mod-ab]
454 3352 563 3391 palam
586 3353 753 3389 dicebant,
787 3352 908 3391 quippe
934 3350 1021 3380 forti·
1061 3348 1177 3379 tranda
1213 3348 1344 3386 quidem
1378 3348 1456 3378 urbs
1481 3348 1581 3386 prius,
1618 3355 1716 3385 quam
1752 3346 1807 3375 lux
1843 3349 1926 3381 orta,

157 3409 279 3440 tudinis
313 3409 455 3448 speciem
480 3408 653 3446 habebant,
688 3409 745 3440 sed
779 3409 897 3439 animis
921 3408 1022 3445 agita-
1060 3407 1281 3445 exploratores
1297 3404 1388 3436 missi
1399 3405 1476 3443 sint,
1488 3404 1614 3435 etiamsi
1633 3406 1765 3442 pateant
1778 3406 1924 3441 portae«.

158 3465 238 3496 bant
261 3466 379 3505 turpia,
406 3465 511 3496 foeda.
537 3466 620 3496 Ena.
636 3483 681 3489 —-
696 3466 853 3497 coloniam
877 3466 910 3495 in
921 3465 1023 3504 plano
1061 3465 1145 3494 RUP.
1172 3480 1213 3485 —
1237 3462 1384 3501 adempto
1420 3462 1506 3492 omni
1529 3458 1712 3502 prospectu]
1741 3459 1862 3490 Caesar
1887 3459 1925 3487 B.
