2176 3672
19 614 25 619 Ν
32 554 41 560 r
20 464 25 467 Δ
24 446 25 450 ⁴
21 395 24 399 ⁴
18 363 23 375 ..
19 274 45 288 '¹
43 246 46 247 Ἰ
38 221 41 223 ,
35 185 41 191 .-
27 143 46 159 J.
36 118 40 121 .
43 91 45 94 ⁴

59 771 66 773 k
57 523 61 527 ⁴
46 303 49 305 ’
49 199 58 207 -ι,
46 156 49 161 ’
50 128 53 133 -
47 107 62 120 u·
45 85 62 98 ᾗ*

885 192 994 249 cap.
1016 194 1086 234 38.
1110 195 1178 235 39.
1864 200 1912 240 τι

142 308 389 353 reverentia.
426 321 550 350 nemo
586 305 665 348 nisi
696 306 857 348 vinculo
889 305 1038 361 ligatus
1068 305 1310 361 ingreditur,
1347 311 1392 348 ut
1422 307 1556 350 minor
1592 312 1635 350 et
1670 313 1917 365 potestatem

142 385 321 434 luminis
356 398 456 442 prae
487 398 533 427 se
564 383 718 426 ferens.
744 383 785 437 ,si
815 382 922 425 forte
953 382 1171 439 prolapsus
1209 387 1293 437 est,
1323 384 1455 426 attolli
1487 389 1529 427 et
1558 385 1774 442 insurgere
1811 387 1920 430 haud

142 461 633 519 Ιίοἰὲυωμρθείωωϊιῐη
675 460 933 503 evolvuntur.
973 473 1106 516 eoque
1146 460 1277 501 omnis
1321 462 1559 517 superstitio
1595 463 1782 519 respicit,
1819 467 1919 506 tam-

143 553 266 597 quam
293 538 390 582 inde
418 538 534 586 initia
564 538 714 594 gentis,
745 537 800 580 ibi
831 540 1026 594 regnator
1055 537 1238 579 omnium
1267 536 1385 591 deus,
1417 542 1556 582 cetera
1586 539 1768 582 subiecta
1796 544 1920 597 atque

141 616 341 675 parentia.
377 615 501 659 adicit
535 615 819 658 auctoritatem
855 614 1018 657 fortuna
1056 613 1332 656 Semnonum:
1366 619 1529 657 centum
1565 617 1682 673 pagis
1713 617 1948 672 habitant35

142 699 375 751 magnoque
411 706 584 750 corpore
621 693 796 735 efficitur
824 695 870 734 ut
905 705 952 734 se
985 690 1216 734 Sueborum
1253 695 1375 748 caput
1411 692 1590 735 credant.

1653 694 1695 748 (4
1700 694 1745 748 Ο)
1781 698 1922 737 contra

246 854 277 884 8.
291 850 450 894 plapsus.
473 869 511 875 --
534 853 572 883 5:
585 850 752 894 parentia
781 860 941 891 superscr.
963 854 986 889 t,
1007 853 1043 882 ut
1063 851 1106 882 sit
1132 849 1291 892 patentia
1310 851 1348 882 B.
1372 868 1409 874 —-
1433 849 1553 882 adiicit
1572 853 1598 883 B
1619 852 1654 884 C.
1678 824 1799 893 adijcis
1822 854 1859 885 A.
1883 872 1919 876 —

446 920 478 941 m
644 909 663 942 ἴ
670 919 859 941 sermonum

197 1014 285 1054 temp
410 1011 429 1042 ἴ
435 1015 583 1052 tempore

76 945 79 947 ⁵
141 961 337 984 {monum
357 952 394 984 C.
413 961 577 983 senonum
599 953 638 983 B.
659 961 831 983 semonum
854 952 892 982 A.
910 968 947 974 —
972 948 1128 982 habitam
1150 952 1290 989 Ernesti,
1313 949 1512 983 habitantur
1532 953 1596 983 AB
1611 953 1646 985 C.
1663 971 1700 976 -
1723 956 1753 985 ὃ.
1777 963 1921 995 corpore

142 1053 179 1085 0.
201 1062 346 1095 corpore
366 1054 404 1084 B.
427 1062 570 1095 corpore
592 1054 631 1084 A.
655 1070 693 1075 —
717 1051 870 1093 officitur
890 1053 928 1083 B.
952 1070 988 1075 ——
1012 1061 1194 1083 suevorum
1214 1052 1280 1083 AB
1295 1053 1330 1083 C.

141 1180 251 1210 nutem
263 1178 362 1209 habet
382 1178 523 1208 colorem
537 1187 668 1217 prorsus
676 1178 905 1218 Vergilianum.
927 1177 1009 1208 Aen.

143 1226 174 1263 ⁷,
196 1227 271 1257 1⁵12:
293 1227 417 1256 tectum
439 1222 653 1256 Horrendum
673 1223 769 1255 silvis
791 1229 823 1255 et
842 1223 1008 1266 reliqione

141 1275 341 1315 μωξοπωπις
363 1275 393 1310 8,
414 1274 491 1304 598:
515 1270 659 1313 (lucus)
682 1270 855 1314 Reliqione
867 1276 1009 1314 patrum

141 1317 213 1352 laec
231 1328 348 1359 sacen
371 1321 430 1351 Ge.
451 1322 481 1358 4,
501 1321 580 1351 468:
608 1317 655 1350 Et
677 1317 884 1360 caliqaneem
906 1319 1008 1362 niqra

141 1364 324 1408 feo-midine
344 1364 468 1397 lucum.
490 1367 656 1398 ORELLI.
677 1367 727 1398 De
749 1368 908 1398 eiusmodi
926 1369 1007 1398 locis

141 1413 328 1454 rhythmicis
353 1413 394 1444 cf.
415 1415 512 1444 etiam
541 1414 686 1455 Draeger
711 1414 743 1445 S.
765 1424 797 1445 u.
819 1415 865 1446 St.
889 1415 947 1446 des
971 1416 1007 1445 Τ.

141 1460 164 1500 ff
183 1461 256 1492 855.
285 1460 435 1491 Ceterum
464 1463 498 1492 et
517 1461 548 1492 J.
571 1462 692 1491 Grimm
714 1462 752 1492 G.
774 1462 813 1492 D.
837 1463 870 1494 S.
891 1473 924 1502 p.
946 1465 1006 1493 493

141 1508 175 1538 ot
187 1507 382 1538 quenhoff
398 1508 432 1538 Z.
446 1508 486 1538 D.
500 1507 540 1538 A.
555 1508 625 1546 VII,
648 1510 707 1539 384
729 1509 781 1540 hic
803 1510 844 1540 de
866 1520 906 1541 ea
927 1511 1008 1541 silva

141 1555 296 1595 cogitant,
316 1563 411 1595 quam
432 1552 618 1586 Semanam
646 1555 724 1587 dicit
743 1557 880 1588 Ptolem.
902 1560 932 1596 2,
958 1560 1006 1595 11,

143 1604 172 1633 7.
202 1619 242 1625 -
266 1601 475 1644 primordia]
499 1603 622 1641 Homo,
651 1605 720 1635 sine
742 1605 839 1636 dubio
861 1606 1007 1645 captivus

141 1650 256 1690 aliquis
273 1651 327 1681 vel
348 1659 471 1689 servus,
492 1651 630 1682 barbaro
651 1653 749 1692 atque
762 1653 923 1684 horrendo
944 1654 1008 1684 ritu

142 1697 332 1735 immolatur,
352 1699 524 1738 antequam
539 1698 716 1729 Sueborum
737 1700 837 1738 legati
860 1700 899 1731 de
911 1701 1007 1731 rebus

142 1745 362 1776 communibus
377 1746 462 1777 inter
484 1755 520 1777 se
537 1747 720 1778 consultare
746 1748 909 1787 incipiant.
940 1749 1007 1779 ΟΒ.

139 1790 334 1835 primordia
354 1794 544 1825 vocabulum
565 1794 596 1824 h.
612 1795 633 1824 1.
656 1794 767 1825 eadem
781 1795 849 1826 fere
872 1798 923 1826 est
933 1805 1007 1826 sen·

141 1841 245 1872 tentia
261 1850 326 1881 qua
335 1839 448 1880 initia,
465 1835 621 1870 τελεταὶ.
636 1858 683 1864 »-
696 1841 820 1882 minor]
838 1843 958 1873 viribus
970 1852 1009 1874 ac

142 1888 300 1929 dignitate
332 1898 428 1930 quam
447 1889 538 1920 deus.
569 1889 735 1920 ORELLI.
765 1891 891 1921 Numen
920 1900 1008 1928 vero,

142 1935 231 1976 quod
245 1936 376 1967 Tacitus
398 1936 484 1974 dicit,
498 1934 665 1967 Irminum
686 1937 755 1967 sive
773 1934 889 1967 Tivum
909 1937 1007 1968 fuisse

142 1982 238 2014 docet
258 1983 451 2014 nullenhoff
468 1983 554 2023 apud
576 1983 786 2014 Schmidtium
812 1987 844 2014 et
865 1985 899 2014 Z.
914 1985 954 2014 D.
969 1985 1008 2015 A.

142 2029 186 2067 X,
208 2031 281 2062 5⁶2.
303 2046 341 2052 —
362 2038 451 2071 prae
472 2038 507 2059 se
521 2029 651 2070 ferens]
674 2031 757 2060 ultro
779 2039 962 2070 agnoscens
977 2033 1010 2062 et

144 2078 277 2107 waiam.
307 2093 344 2099 —
379 2074 487 2107 attolli
523 2093 560 2098 -—
598 2075 811 2116 evolvuntur]
848 2079 1008 2117 potestate

144 2122 265 2154 formae
285 2124 408 2155 mediae
429 2132 500 2153 sese
521 2121 674 2154 attollere
696 2141 734 2146 —-
758 2122 934 2155 evolvunt.-
955 2125 1010 2155 vix

143 2170 356 2207 monuissem,
386 2170 451 2200 nisi
479 2170 623 2210 plerique
656 2171 848 2210 interpretes
881 2172 1010 2211 passiva

144 2216 378 2258 significatione
415 2218 636 2257 accepissent,
674 2219 733 2256 „ab
765 2219 836 2250 aliis
867 2220 1010 2250 atollitur

144 2280 183 2287 —
206 2265 424 2296 evolvuntnr.“
453 2265 502 2295 'I'u
523 2265 580 2295 cfr.
602 2266 686 2296 Ami.
710 2268 738 2304 l,
755 2267 818 2296 v13:
849 2275 927 2297 cum
951 2264 1008 2297 Ti-

143 2307 230 2342 beris·
256 2319 372 2353 ¹qenua
403 2309 651 2342 advolveretur.
698 2313 807 2352 Ipsum
838 2314 933 2344 ritum
962 2315 1009 2345 sic

143 2358 284 2398 explicat
305 2359 360 2389 Gr.
383 2355 428 2389 M.
450 2368 481 2398 p.
505 2361 562 2390 61:
590 2368 658 2389 wer
683 2358 719 2390 in
742 2358 884 2402 heiliqer
905 2358 1009 2391 sache

143 2402 304 2447 beyriffen
334 2403 395 2443 ist,
435 2404 474 2436 in
511 2410 705 2447 yeyenwart
741 2404 814 2437 und
843 2407 913 2447 auf
936 2405 1010 2438 clem

142 2449 250 2494 ychiet
271 2449 329 2483 des
350 2455 453 2493 yones
475 2450 561 2483 steht
568 2475 578 2491 ‚
605 2451 664 2483 der
685 2451 750 2484 soll
771 2452 866 2485 nicht
886 2459 1009 2485 strau-

144 2497 245 2530 electu
270 2497 343 2530 und
370 2498 472 2538 wirci,
503 2509 600 2530 wetm
629 2510 667 2530 er
695 2510 738 2531 zu
771 2499 876 2532 boden
908 2501 1008 2541 sinltt,

143 2545 252 2578 seines
281 2544 395 2578 reclus
424 2545 596 2589 verlustiq.
618 2566 656 2570 —
679 2548 893 2591 superstitio]
917 2551 1007 2580 Kritz

142 2594 185 2625 ad
206 2594 243 2627 Τ.
263 2594 373 2634 Agl-ic.
390 2595 449 2633 lx,
471 2597 507 2625 4:
537 2595 795 2636 superstitiones
821 2597 855 2628 in
879 2599 1008 2628 univer·

143 2650 214 2672 sum
235 2641 384 2672 dimmtm·
405 2644 609 2673 externarum
629 2644 770 2683 gentium
793 2645 968 2684 relig-iones
990 2655 1010 2675 a

143 2689 358 2720 Romanorum
378 2699 467 2720 more
478 2690 699 2722 abhorrentes.
717 2709 754 2713 —
773 2690 872 2722 initia
885 2691 1008 2734 qentis]

147 2733 184 2767 C.
200 2738 238 2767 3:
262 2733 462 2774 Tuistonem,
478 2735 576 2767 deum
593 2741 687 2768 terra
700 2737 838 2777 editum,
861 2743 890 2770 et
902 2738 1010 2780 filium

144 2780 322 2821 Mannum,
333 2783 499 2825 originem
509 2783 615 2825 yemis
631 2784 897 2828 conditoresque.
924 2788 1009 2818 Eun—

144 2830 217 2862 dem
238 2839 311 2862 esse
333 2841 405 2862 cum
418 2831 566 2862 Wodano
588 2833 622 2862 iu
637 2832 832 2864 Semnonum
847 2834 920 2864 luco
943 2835 1010 2864 cul-

84 2874 93 2879 *
144 2880 211 2908 tum
242 2881 333 2917 putat
362 2878 462 2909 Zeuss
492 2875 535 2908 D.
562 2888 595 2918 p.
625 2881 675 2910 22.
727 2880 822 2911 Certe
858 2890 1011 2920 perquam

145 2925 290 2956 similiter
316 2925 350 2955 in
379 2926 444 2957 vita
467 2925 498 2956 S.
520 2926 728 2966 Rentigerni‚
757 2928 901 2967 episcopi
925 2929 1011 2958 Secti

146 2972 236 3003 Saec.
258 2972 312 3009 VI,
342 2972 428 3011 apud
448 2973 596 3004 Bolland.
618 2974 686 3004 Ian.
711 2976 738 3011 1,
760 2977 839 3005 820:
879 2971 1013 3011 Woden,

145 3027 242 3061 quem
254 3017 485 3061 principalem
500 3018 598 3051 deum
613 3019 831 3051 crediderunt
853 3025 883 3057 et
900 3018 1014 3062 Anyti,

146 3063 191 3096 de
206 3074 283 3107 quo
306 3065 509 3107 oriyinem
530 3066 746 3098 clu-verant
762 3085 781 3090 -
797 3085 828 3105 -,
851 3065 1014 3097 hominem

143 3111 251 3152 fuisse
272 3111 449 3144 mortalem
470 3113 618 3145 asseruit
639 3118 668 3144 et
690 3123 800 3156 reqem
822 3114 1015 3149 Saxonum,

146 3167 170 3189 a
186 3168 251 3201 quo
267 3157 384 3201 plures
397 3164 508 3202 qentes
523 3170 628 3202 yenus
644 3160 826 3192 duxerant.
849 3162 1014 3192 ORELLI.

147 3206 212 3238 Sed
231 3207 304 3239 vide
326 3217 407 3248 quae
429 3209 523 3239 modo
547 3210 586 3240 de
608 3210 737 3239 numine
760 3218 779 3239 a
801 3208 1014 3239 Semnonibus

147 3254 233 3285 ωηο
270 3254 423 3294 diximus,
461 3266 595 3296 quorum
635 3259 783 3296 posteros
823 3252 1014 3284 Ziata-arios

146 3301 178 3332 h.
207 3311 236 3333 e.
261 3299 332 3334 Tim?
362 3301 508 3334 cultores
537 3304 635 3334 fuisse
665 3312 725 3342 pro
748 3306 836 3332 certo
858 3302 1014 3337 novimus,

1057 1180 1090 1209 et
1122 1178 1219 1209 hodie
1255 1187 1382 1217 quoque
1417 1178 1502 1217 apud
1540 1187 1600 1209 nos
1623 1178 1694 1208 'rivi
1713 1178 1763 1209 die
1786 1175 1922 1220 (Zistiq)

1057 1226 1186 1265 nuptiae
1226 1225 1380 1255 celebrari
1418 1226 1533 1255 solent.
1585 1226 1635 1256 Ex
1671 1226 1736 1262 eis,
1771 1236 1852 1266 quae
1885 1227 1922 1257 T.

1055 1273 1109 1303 hic
1143 1275 1269 1309 narrat,
1306 1273 1499 1303 Miillenhoff
1531 1273 1604 1303 loco
1639 1273 1768 1303 laudato
1806 1283 1922 1304 nomen

1055 1317 1304 1360 Iuthunqorum
1327 1321 1453 1359 repetit,
1475 1320 1561 1359 quod
1582 1323 1694 1359 postea
1717 1323 1767 1351 est
1790 1320 1922 1352 Semno-

1056 1377 1146 1404 num,
1181 1377 1252 1398 cum
1278 1367 1357 1397 dicit
1385 1365 1591 1408 Iuthunqum
1615 1366 1740 1406 (Theot.
1764 1365 1922 1407 Eodunc)

1055 1424 1187 1454 prorsus
1223 1424 1401 1454 congruere
1441 1425 1512 1445 cum
1549 1415 1704 1445 vocabulo
1743 1415 1923 1445 Germano-

1054 1471 1125 1493 rum
1145 1463 1226 1499 bor.,
1248 1463 1335 1502 quod
1358 1465 1407 1493 est
1434 1460 1616 1503 iodhffnqr,
1638 1463 1755 1501 proles,
1777 1471 1797 1492 a
1810 1463 1922 1493 vocab.

1056 1507 1134 1540 iodk
1187 1511 1408 1550 patronymica
1463 1511 1641 1541 derivatum
1691 1510 1922 1540 terminatione.

1055 1557 1154 1588 Addit
1174 1567 1204 1587 v.
1220 1558 1251 1588 d.
1274 1558 1308 1587 Z.
1323 1558 1363 1587 D.
1378 1558 1417 1587 A.
1438 1558 1479 1595 X,
1502 1568 1534 1597 p.
1557 1559 1617 1588 564
1639 1557 1785 1587 Caesaris
1800 1553 1924 1586 Eudo-

1055 1603 1123 1635 sios
1154 1605 1239 1646 idem
1268 1605 1336 1635 fere
1364 1614 1436 1636 esse
1467 1614 1585 1636 nomen
1614 1605 1656 1635 ad
1682 1603 1812 1635 eosdem
1834 1603 1924 1634 Sem·

1055 1661 1158 1683 nones
1172 1652 1377 1683 referendum
1385 1662 1393 1690 ;
1405 1649 1426 1682 I
1427 1650 1594 1693 uthrcnyos
1605 1653 1703 1692 igitur
1715 1654 1748 1682 et
1755 1647 1788 1680 E
1790 1649 1924 1681 udosios

1056 1700 1118 1730 hoc
1138 1700 1266 1730 nomine
1292 1701 1401 1740 magni
1432 1700 1484 1731 dei
1505 1701 1627 1739 prolem
1649 1708 1684 1730 se
1715 1698 1924 1738 significasse.

1057 1748 1183 1787 Operae
1214 1749 1352 1787 pretium
1384 1750 1434 1778 est
1467 1748 1506 1778 de
1539 1747 1667 1784 radice,
1702 1755 1784 1785 quae
1815 1747 1926 1777 subest

1056 1795 1106 1824 his
1142 1794 1326 1831 vocabulis,
1366 1794 1531 1831 conferre,
1572 1803 1654 1834 quae
1688 1793 1923 1832 Wackernagel

1057 1842 1108 1871 die
1131 1841 1202 1881 Spr.
1231 1841 1290 1871 der
1309 1842 1503 1881 Burgunder
1529 1851 1559 1881 p.
1583 1843 1622 1871 56
1651 1844 1683 1872 et
1705 1843 1743 1872 73
1766 1841 1923 1872 disseruit.

1056 1889 1213 1928 Equidem
1235 1888 1424 1919 crediderim
1456 1889 1525 1920 elus
1554 1889 1619 1919 vim
1644 1889 1804 1928 proprimn
1824 1888 1924 1918 fuisse

1058 1933 1245 1966 crescendi.
1281 1936 1430 1966 Ceterum
1471 1937 1511 1967 de
1543 1936 1712 1976 Iuthungis
1752 1935 1792 1965 cf.
1830 1936 1925 1965 etiam

1056 1983 1250 2013 Miillenhoff
1267 1984 1363 2014 Verz.
1388 1983 1446 2014 der
1466 1983 1504 2013 R.
1519 1983 1700 2013 Provinzen
1719 1984 1789 2013 523.
1812 1999 1849 2004 ——
1871 1990 1925 2011 re-

1057 2033 1184 2071 ynator
1207 2029 1354 2060 omnium
1377 2028 1474 2069 deus]
1497 2031 1598 2061 Recte
1620 2030 1694 2060 inde
1716 2030 1855 2060 conicias
1871 2029 1924 2058 Τί-

1057 2086 1142 2114 vum,
1163 2077 1217 2116 qui
1239 2076 1325 2107 idem
1347 2079 1406 2115 est,
1427 2078 1480 2116 qui
1504 2077 1655 2107 Indorum
1669 2074 1801 2117 Dyaus,
1824 2076 1923 2106 Grae-

1058 2133 1167 2154 corum
1188 2115 1291 2161 Ζεύς,
1315 2124 1410 2154 etiam
1432 2125 1517 2155 inter
1538 2125 1714 2155 Germanos
1737 2124 1811 2153 olim
1831 2123 1924 2153 altio·

1057 2181 1124 2202 rem
1146 2172 1287 2202 tenuisse
1309 2172 1424 2202 locum.
1462 2171 1546 2203 Satis
1567 2174 1678 2202 notum
1700 2173 1758 2208 est,
1781 2179 1860 2209 quae
1875 2170 1925 2199 vis

1057 2218 1154 2248 fuerit
1169 2219 1366 2249 Graecorum
1377 2219 1480 2256 Iovis3
1504 2219 1543 2250 de
1558 2219 1708 2249 Indorum
1722 2218 1783 2248 deo
1804 2226 1923 2257 cogno-

1059 2266 1142 2295 mine
1176 2266 1216 2297 cf.
1250 2267 1295 2296 sis
1324 2266 1409 2296 Muir
1429 2267 1464 2296 in
1496 2266 1551 2296 the
1579 2266 1713 2297 Journal
1744 2264 1780 2295 of
1808 2264 1861 2294 the
1886 2263 1924 2293 R.

1057 2313 1179 2343 Asiatic
1202 2313 1341 2352 Society,
1362 2314 1442 2344 New
1462 2315 1574 2350 series,
1598 2315 1626 2350 1,
1649 2323 1679 2352 p.
1695 2314 1734 2342 54
1756 2321 1814 2351 sq.,
1836 2311 1924 2341 cuius

1057 2361 1334 2391 commentationis
1356 2363 1479 2399 partem
1507 2362 1541 2391 in
1563 2361 1703 2400 linguam
1724 2358 1925 2390 vernaculam

1057 2408 1215 2438 convertit
1235 2407 1368 2447 Benfey,
1393 2409 1505 2439 Orient
1532 2418 1562 2438 u.
1586 2407 1741 2438 Occident
1768 2406 1831 2443 111,
1854 2407 1924 2442 450,

1057 2457 1090 2486 et
1104 2455 1229 2492 Miiller,
1251 2456 1475 2494 Vorlesungen
1490 2456 1569 2486 iiber
1590 2455 1640 2485 die
1656 2453 1852 2484 Wissensch.
1869 2452 1926 2482 der

1057 2502 1128 2540 Spr.
1150 2503 1190 2539 H,
1213 2504 1272 2533 396
1295 2502 1328 2533 ff.
1353 2503 1420 2532 Nee
1436 2503 1650 2533 Romanorum
1666 2502 1751 2531 Mars
1766 2500 1826 2530 soli
1840 2500 1926 2530 bello

1056 2549 1204 2588 praefuit.
1221 2566 1258 2570 —
1276 2552 1408 2579 centum
1427 2548 1542 2590 paqis]
1565 2549 1672 2578 Primo
1691 2549 1823 2586 aspectu
1844 2546 1926 2576 haec

1057 2597 1226 2635 desumpta
1247 2596 1396 2627 videntur
1417 2606 1457 2626 ex
1480 2605 1529 2632 eo,
1545 2595 1629 2634 quod
1649 2595 1768 2625 Caesar
1789 2594 1825 2623 B.
1842 2593 1880 2623 G.
1895 2594 1925 2627 4,

1059 2646 1073 2674 1
1099 2644 1138 2674 de
1162 2644 1276 2674 Suebis
1299 2644 1458 2673 universis
1482 2643 1573 2672 dicit:
1606 2638 1648 2670 Hi
1670 2644 1804 2670 centum
1816 2648 1924 2679 payns

1059 2689 1184 2721 habere
1220 2689 1405 2731 dicuntum·
1439 2690 1496 2720 sed
1536 2692 1701 2727 utrumque
1738 2687 1924 2725 scriptorem

1059 2748 1129 2769 eam
1150 2739 1339 2777 populorum
1363 2737 1560 2773 divisionem,
1585 2744 1677 2774 quam
1700 2743 1759 2764 nos
1775 2742 1925 2763 vocamus

1063 2784 1177 2822 Gaue,
1200 2787 1357 2819 cantores,
1390 2783 1573 2813 confudisse
1604 2790 1674 2811 cum
1697 2780 1924 2811 Germanorum

1061 2830 1202 2862 humari
1225 2826 1601 2870 (Hundertschaften),
1632 2825 1779 2857 centenis
1801 2829 1924 2865 tempo-

1059 2888 1128 2910 rum
1151 2877 1422 2916 Carolingicorum
1445 2877 1588 2905 statuunt
1611 2874 1664 2905 Gr.
1690 2871 1727 2903 R.
1750 2870 1790 2903 Α.
1817 2882 1848 2911 p.
1864 2874 1924 2902 252

1061 2927 1094 2956 Ζ.
1119 2923 1160 2955 Ι).
1191 2935 1220 2963 p.
1253 2926 1307 2953 131
1339 2923 1445 2953 Waitz
1470 2919 1513 2951 Ι).
1544 2918 1575 2950 V.
1600 2919 1637 2958 12,
1667 2931 1698 2959 p.
1731 2922 1798 2954 158,
1829 2919 1924 2958 Sybel

1062 2970 1104 3001 Ι).
1129 2968 1165 3000 Κ.
1190 2980 1220 3009 p.
1244 2971 1292 2999 37.
1316 2968 1485 2999 ORELLI.
1510 2967 1574 2998 Sed
1596 2968 1635 2997 de
1658 2967 1750 3006 pagis
1773 2966 1925 2996 Tacitinis

1062 3027 1157 3057 supra
1188 3018 1281 3047 aliter
1309 3015 1551 3046 existimandum
1580 3023 1651 3044 esse
1681 3013 1859 3052 putavimus
1886 3021 1925 3042 ac

1062 3064 1233 3095 verisimile
1264 3065 1313 3093 est
1343 3064 1485 3092 nostrum
1525 3061 1558 3090 in
1592 3061 1651 3091 hac
1684 3069 1718 3089 re
1750 3059 1924 3089 Semnones

1063 3122 1132 3142 eum
1154 3110 1308 3141 universis
1326 3109 1439 3139 Suebis
1460 3107 1653 3138 confudisse.
1677 3123 1713 3128 —
1737 3113 1925 3146 maynoque

1064 3157 1220 3198 corpore]
1243 3157 1315 3186 Noli
1338 3156 1500 3194 explicare
1524 3163 1593 3184 cum
1615 3153 1776 3183 nonnullis
1799 3152 1838 3181 de
1860 3156 1923 3181 sta-

1063 3209 1142 3241 tura,
1159 3200 1400 3242 Lethesqro'sse,
1416 3202 1473 3231 sed
1489 3201 1529 3230 de
1546 3209 1662 3239 magno
1677 3208 1807 3229 numero
1822 3198 1923 3228 homi-

1062 3260 1137 3282 num
1158 3260 1234 3280 suae
1257 3250 1393 3280 civitatis
1416 3251 1447 3278 ct
1470 3248 1508 3278 de
1524 3256 1613 3287 agro,
1634 3255 1727 3286 quem
1750 3244 1923 3285 possident.

1064 3298 1116 3328 Sic
1143 3297 1211 3327 Liv.
1244 3299 1277 3334 l,
1308 3297 1361 3325 18:
1394 3292 1584 3325 coalescere
1613 3291 1647 3322 in
1675 3288 1794 3333 populi
1822 3288 1922 3321 uentus
