2176 3672
786 249 959 293 LIBER
986 250 1019 292 Ι.
1079 249 1180 304 Cap.
1210 249 1278 293 51.
1308 250 1376 294 52.
1886 252 1971 294 273

197 365 441 420 ignominia,
469 364 693 408 adlevatae
722 367 868 417 notae;
898 364 1024 418 plura
1056 364 1297 417 ambitione,
1327 365 1536 419 quaedam
1556 365 1726 418 iudicio,
1754 366 1799 407 in
1819 365 1972 420 quibus

197 445 345 500 sordes
381 449 426 489 et
459 445 684 488 avaritiam
714 444 867 487 Fontei
895 443 1115 498 Capitonis
1151 445 1388 487 adimendis
1427 445 1756 499 adsignandisve
1795 445 1972 487 militiae

197 524 418 568 ordinibus
447 526 613 580 integre
630 528 883 568 mutaverat.
913 536 990 567 nec
1009 524 1243 567 consularis
1273 525 1405 579 legati
1434 537 1645 578 mensura,
1674 525 1814 568 sedin
1834 525 1972 567 maius

197 606 339 648 omnia
356 604 684 660 accipiebantur.
716 608 761 648 et
788 608 838 647 ut
855 603 1055 648 Vitellius
1085 605 1202 659 apud
1229 617 1402 648 severos
1431 604 1616 658 humilis,
1646 588 1710 648 ita
1729 606 1972 648 comitatem

196 684 514 740 bonitatemque
541 684 734 728 faventes
763 684 992 737 vocabant,
1032 685 1148 739 quod
1177 686 1269 728 sine
1298 685 1446 738 modo,
1487 685 1579 728 sine
1607 686 1765 729 iudicio
1794 686 1974 728 donaret
2007 697 2028 726 5

195 777 288 819 sua,
315 765 547 820 largiretur
575 765 733 818 aliena;
763 765 890 808 simul
920 765 1127 808 aviditate
1156 765 1196 808 ei
1223 765 1404 819 parendi
1431 765 1528 818 ipsa
1556 765 1664 808 vitia
1691 779 1771 820 pro
1799 766 1972 808 virtuti-

194 844 275 889 bus
303 846 707 900 interpretabantur.
737 845 861 888 multi
889 846 933 888 in
962 849 1145 900 utroque
1173 846 1361 888 exercitu
1390 845 1502 888 sicut
1529 846 1714 888 modesti
1741 846 1971 901 quietique,

193 925 260 968 ita
285 925 389 968 mali
418 929 463 969 et
490 927 665 969 strenui.
713 927 791 969 sed
828 924 1007 980 profusa
1045 926 1244 980 cupidine
1283 929 1327 990 et
1365 926 1521 979 insigni
1558 925 1801 968 temeritate
1838 926 1970 981 legati

193 1005 409 1060 legionum
437 1006 614 1050 Alienus
645 1006 826 1049 Caecina
865 1010 909 1049 et
936 1005 1097 1048 Fabius
1127 1005 1305 1058 Valens;
1349 1018 1374 1048 e
1402 1005 1556 1059 quibus
1584 1005 1742 1048 Valens
1781 1005 1969 1049 infensus

195 1084 378 1140 Galbae,
417 1091 621 1142 tanquam
650 1087 862 1130 detectam
891 1100 918 1128 a
947 1099 994 1129 se
1021 1085 1214 1140 Verginii
1243 1086 1574 1138 cunctationem,
1608 1098 1815 1140 oppressa
1843 1085 1969 1140 Capi·
1983 1098 2026 1128 ιο

193 1167 308 1210 tonis
328 1167 506 1210 consilia
532 1168 702 1222 ingrate
729 1167 913 1220 tulisset,
942 1167 1148 1221 instigare
1165 1165 1384 1209 Vitellium
1405 1166 1603 1208 ardorem
1622 1165 1805 1209 militum
1826 1170 1968 1209 osten-

194 1250 314 1290 tans:
355 1247 497 1302 ipsum
525 1247 680 1291 celebri
708 1247 864 1302 ubique
891 1246 1027 1300 fama,
1065 1245 1226 1288 nullam
1254 1247 1298 1288 in
1326 1246 1480 1289 Flacco
1509 1246 1755 1289 Hordeonio
1785 1260 1967 1300 moram;

193 1325 343 1371 adfore
360 1328 640 1381 Britanniam,
670 1331 872 1370 secutura
890 1326 1199 1370 Germanorum
1228 1326 1406 1379 auxilia;
1435 1326 1547 1369 male
1575 1325 1683 1370 fidas
1712 1328 1967 1381 provincias,

287 1480 304 1509 1
339 1478 438 1518 plura
461 1476 521 1509 sed
539 1482 615 1509 nota
639 1487 735 1509 erasa
821 1479 841 1508 2
877 1477 990 1508 sordes
1013 1475 1211 1507 Acidalius:
1233 1476 1330 1507 sorde
1353 1475 1499 1518 (sordem
1524 1476 1614 1518 dett.)
1692 1478 1964 1518 adsignandissue

190 1523 302 1563 (ιη-ἡκ
325 1534 341 1554 s
365 1523 425 1554 del.
453 1525 518 1562 lm)
600 1525 623 1555 4
646 1527 683 1554 ut
704 1523 783 1553 add.
807 1523 978 1553 Rhenanus
1003 1522 1051 1564 (et
1074 1523 1229 1553 Vitellius
1253 1525 1290 1552 ut
1312 1521 1482 1562 Ayricola)
1569 1525 1588 1555 6
1614 1524 1643 1553 ei
1667 1525 1805 1563 parendi
1830 1524 1967 1554 Meiser:

189 1569 377 1610 Imperandi
410 1569 495 1610 (aya.
518 1578 557 1599 ra
588 1570 640 1600 vel
669 1568 809 1600 evanida
841 1568 891 1599 vel
923 1569 1053 1608 erasa),
1087 1569 1285 1608 impetrandi
1308 1569 1482 1607 Ayricola,
1517 1569 1635 1608 imperi
1660 1570 1757 1600 dandi
1781 1570 1967 1609 Nipperdey

191 1617 212 1647 9
235 1619 269 1647 et
290 1613 428 1659 Fabius]
452 1618 486 1646 et
505 1613 511 1658 Ι
531 1615 605 1646 bius
689 1618 728 1646 11
754 1615 929 1646 obtentans
1001 1617 1042 1646 12
1067 1615 1161 1645 nulla
1238 1616 1280 1646 13
1304 1615 1419 1646 adfore
1487 1614 1699 1646 brittanniam
1723 1619 1874 1647 secutura
1897 1618 1967 1654 (no-

189 1665 256 1692 tan
279 1660 341 1692 del.
367 1664 432 1701 lm)
501 1662 588 1701 male

191 1788 246 1820 ⁶8.
270 1805 314 1811 —
338 1786 523 1828 ignominia]
547 1786 771 1826 ignominiosa
792 1785 907 1817 missio
933 1796 1057 1824 eorum,
1095 1786 1256 1825 ainytdoe,
1282 1786 1388 1817 iamne
1409 1786 1597 1825 tentassent,
1632 1787 1850 1819 msc-itamar
1873 1798 1966 1827 seque

191 1845 249 1885 qui
283 1849 393 1876 tamen
425 1847 502 1884 post
525 1854 598 1876 eam
629 1845 665 1874 in
690 1843 870 1875 Germania
892 1853 1058 1875 remanse-
1083 1843 1206 1882 secisse
1229 1848 1321 1874 ructu
1344 1853 1466 1883 quoqne
1489 1844 1674 1877 ostenderet.
1722 1846 1819 1877 Hanc
1853 1846 1964 1877 vilita-

189 1905 275 1934 rant.
316 1903 358 1933 cf.
393 1901 482 1934 Suet.
507 1902 576 1933 Vit.
601 1903 631 1933 8.
667 1918 712 1924 —
747 1901 917 1931 adlevatae
949 1899 1055 1940 notae]
1094 1904 1162 1932 tem
1185 1901 1236 1932 sni
1259 1901 1311 1931 illi
1336 1902 1513 1932 comitatem
1536 1901 1724 1942 vocabant,
1749 1903 1962 1942 quemadmo-

190 1969 272 2000 quaa
296 1959 475 1998 diligenter
496 1958 722 1999 locupletibus
756 1968 887 1999 semper
917 1958 1058 1989 testibus
1095 1958 1173 1988 dum
1198 1958 1298 1989 etiam
1322 1958 1491 1990 bonitatem
1515 1959 1752 1999 appellabant,
1788 1960 1876 1998 quod
1896 1960 1963 1990 sine

189 2026 270 2048 usus
301 2020 471 2048 enumerat
493 2016 630 2056 Lipsius
654 2017 696 2048 de
718 2017 788 2047 Mil.
814 2016 908 2046 Rom.
935 2017 976 2055 5,
1002 2016 1054 2047 18.
1092 2015 1204 2054 modo,
1245 2015 1313 2046 sine
1349 2017 1467 2048 zadic-io
1504 2017 1639 2048 donaret
1672 2027 1750 2055 sua,
1789 2016 1964 2056 laryiretur

191 2073 231 2106 V.
258 2083 287 2106 c.
311 2077 349 2105 ut
371 2074 420 2105 eis
442 2073 604 2104 hordeum
628 2083 688 2113 pro
713 2074 824 2104 tritico
849 2074 996 2111 daretur,
1020 2075 1058 2103 ut
1092 2073 1209 2104 aliena.
1255 2074 1383 2114 Nempe
1407 2073 1534 2106 bonitas
1561 2077 1612 2106 est
1635 2074 1751 2104 Tacito
1776 2074 1962 2105 liberalitas

188 2141 262 2163 aere
295 2130 396 2162 &aa
422 2131 558 2170 fierent,
594 2133 632 2161 ut
665 2134 759 2161 extra
781 2131 907 2162 vallum
941 2130 1056 2161 tende·
1091 2131 1148 2161 vel
1180 2131 1426 2170 munificentia,
1461 2131 1739 2173 quemadmodum
1763 2130 1845 2162 alibi
1867 2131 1962 2162 mali-

189 2191 285 2228 rent,
321 2190 359 2219 ιιι
388 2191 468 2227 toga
500 2187 631 2219 laciniis
664 2187 820 2219 abscissis
853 2187 966 2219 amicti
1000 2188 1056 2218 de·
1090 2187 1170 2218 tiam
1194 2188 1277 2219 dicit
1299 2198 1361 2229 pro
1386 2190 1539 2229 avaritia,
1565 2192 1603 2220 ιιι
1626 2189 1667 2219 A.
1696 2189 1749 2228 13,
1776 2189 1820 2219 30
1846 2194 1880 2219 et
1906 2190 1962 2228 15,

189 2235 363 2286 cinctaque
394 2245 508 2276 tunica
539 2245 649 2276 induti
681 2255 702 2276 a
725 2255 821 2276 mane
855 2246 890 2276 in
924 2248 1055 2276 noctem
1092 2246 1146 2277 21.
1174 2245 1286 2277 Gnon.
1310 2264 1354 2268 —
1378 2247 1531 2278 aviditate
1554 2247 1586 2277 ei
1601 2245 1760 2287 parendi]
1785 2246 1886 2276 talem
1902 2255 1961 2286 pa·

188 2313 294 2344 usque
316 2303 360 2334 ad
382 2302 550 2343 principia
572 2302 738 2342 adessent,
763 2307 801 2334 ut
816 2303 972 2334 discincti
988 2303 1054 2333 fos·
1090 2302 1186 2334 rendi
1225 2302 1420 2334 aviditatem
1434 2327 1442 2343 ,
1490 2313 1691 2343 quamquam
1732 2303 1773 2334 de
1813 2301 1959 2342 Othone,

187 2370 260 2392 sem
281 2359 454 2399 foderent,
478 2360 608 2400 reliquo
632 2360 780 2391 exercitu
803 2363 985 2400 spectante.
1008 2377 1054 2383 —
1090 2359 1176 2391 bene
1200 2359 1361 2391 describit
1383 2361 1586 2392 Plutarchus
1611 2359 1701 2392 Otho
1728 2362 1769 2391 17
1795 2359 1853 2390 fin.
1887 2353 1960 2392 ἄλλ’

187 2417 308 2458 sordes]
343 2427 370 2449 c.
389 2418 432 2450 60
458 2428 522 2457 per
543 2417 717 2448 avar-ictam
740 2428 780 2448 ac
802 2416 923 2450 sordes.
963 2427 990 2448 c.
1009 2419 1053 2449 84
1090 2414 1180 2450 ἔοικε
1214 2415 1335 2458 μηδενὶ
1368 2416 1436 2450 τῶν
1460 2413 1598 2451 πώποτε
1621 2413 1788 2458 τυράννων
1812 2410 1837 2458 ἦ
1864 2416 1958 2460 βασι-

187 2475 298 2507 oon-de·
319 2479 349 2506 et
370 2474 600 2506 obscuritatem.
644 2475 684 2506 cf.
710 2474 823 2506 δι”-λων
844 2474 949 2506 Tacit.
973 2475 1053 2505 For-
1090 2471 1174 2507 λέων
1206 2470 1318 2512 δεινὸς
1346 2468 1455 2512 οὕτως
1488 2471 1575 2514 ἔρως
1598 2471 1797 2517 ἐγγενέσθαι
1820 2471 1881 2507 καὶ
1901 2484 1958 2507 πε·

186 2533 356 2564 menlehre
378 2542 411 2573 p.
429 2534 483 2564 2⁷.
508 2550 553 2557 —
586 2532 716 2573 integrm]
754 2532 865 2572 dignis
895 2532 1051 2571 reddens,
1090 2527 1236 2572 ριμανῆς
1259 2529 1319 2563 τοῦ
1343 2525 1478 2574 ἄρχειν,
1503 2527 1552 2568 ὦς
1576 2528 1699 2564 ἐκεῖνοι
1720 2529 1799 2563 τοῦ
1823 2524 1960 2574 ἄρχε-

185 2590 334 2630 indignis
366 2590 534 2631 adimens,
569 2591 641 2622 sine
665 2590 792 2630 gratiae
815 2593 873 2621 aut
897 2593 1053 2629 quaestus
1090 2586 1195 2619 σθαι
1218 2584 1293 2620 καὶ
1317 2582 1738 2624 ὖπακούειν”05ωνος
1761 2582 1958 2630 η’ράσΰη-

186 2650 349 2688 reepectu.
374 2647 463 2680 Ean.
488 2666 532 2672 —
556 2647 716 2689 ’πωπω-α]
744 2648 837 2687 „Nec
860 2656 942 2678 vero
965 2646 1052 2677 mili·
1089 2653 1178 2676 σαν.
1203 2645 1245 2674 cf.
1263 2645 1295 2683 2,
1315 2645 1356 2674 19
1383 2644 1563 2683 obsequ-tum
1587 2649 1615 2675 et
1631 2643 1776 2683 parendi
1790 2654 1892 2675 amor.
1908 2662 1954 2668 —

187 2707 259 2736 tum
281 2705 525 2737 existimatione
558 2706 678 2736 solitus
701 2708 772 2736 erat
795 2704 980 2735 consularis
1004 2704 1053 2734 le—
1087 2701 1182 2741 mali]
1216 2701 1425 2741 immodesti,
1460 2701 1605 2741 oppositi
1630 2701 1780 2732 modestis
1804 2702 1884 2732 illis.
1910 2720 1955 2725 —

187 2765 303 2802 gntus,
339 2765 377 2794 ut
400 2763 501 2794 ceteri
524 2762 623 2793 huius
647 2762 791 2801 gradus3
826 2761 885 2793 sed
918 2761 1051 2791 iamiam
1087 2755 1219 2801 monui]
1254 2757 1406 2789 Strenuus
1441 2762 1491 2789 est
1514 2754 1740 2800 δραστήριος,
1778 2763 1954 2800 promptus

189 2826 263 2850 eum
287 2819 330 2850 ad
352 2818 558 2859 superiorem
582 2828 679 2859 posse
703 2819 852 2859 aspirare
869 2817 1052 2858 opinaban-
1087 2815 1130 2846 ad
1155 2815 1288 2854 quidvis
1310 2815 1518 2854 audendum3
1543 2824 1651 2854 neque
1675 2824 1804 2855 semper
1827 2815 1951 2847 bonam

189 2876 255 2915 tur,
277 2875 349 2916 ipse
365 2876 499 2908 tandem
515 2877 655 2908 sortasse
670 2880 708 2907 ut
723 2876 915 2916 principatu
930 2874 1052 2913 dignus
1088 2872 1122 2902 in
1140 2876 1267 2911 partem
1286 2871 1418 2903 dicitur.
1442 2871 1531 2902 Ean.
1560 2888 1602 2895 -
1627 2870 1778 2912 Caecina]
1804 2873 1870 2904 Hic
1886 2873 1955 2913 pri-

188 2929 420 2964 iudieareturf‘
445 2951 490 2956 —
512 2933 653 2974 humilis]
675 2933 832 2964 Vitellius
847 2935 940 2963 recta
955 2931 1052 2962 aesti—
1087 2938 1176 2960 mum
1212 2938 1232 2959 a
1263 2928 1379 2959 Tacito
1414 2931 1636 2967 memoratur3
1675 2928 1798 2959 Fabius
1840 2928 1955 2960 Valens

141 2990 168 2996 ·”’
188 2986 331 3020 natione
353 2989 522 3021 hominum
546 2974 698 3030 gravium
714 2993 747 3021 et
762 2989 960 3028 disciplinae
984 2991 1051 3018 stu·
1088 2995 1117 3016 c.
1136 2986 1166 3015 7.
1191 3003 1235 3008 -
1259 2984 1498 3025 cunctationem]
1526 2994 1600 3015 cum
1616 2985 1858 3026 aliquantisper
1878 2987 1955 3018 hae-

190 3042 358 3076 dionomia
390 3046 488 3078 nimis
520 3057 555 3078 se
587 3046 784 3078 demittebat
817 3044 1051 3083 abiciebatque
1088 3041 1241 3079 sitasset,
1275 3044 1385 3071 utrum
1411 3040 1538 3072 Galbae
1562 3042 1787 3081 principatum
1811 3043 1954 3083 cederet,

191 3101 225 3130 et
246 3099 393 3140 indigni·
414 3112 556 3142 persona
579 3113 639 3134 sua
662 3113 701 3134 ac
718 3101 960 3143 propemodum
977 3109 1051 3130 ver·
1089 3107 1130 3128 an
1156 3098 1227 3137 ipse
1251 3106 1290 3128 eo
1312 3098 1488 3137 potiretur,
1513 3098 1598 3129 illud
1623 3098 1757 3130 tandem
1780 3101 1951 3139 praetulit.

190 3155 315 3188 nilibus
338 3156 509 3190 blanditiis
533 3159 698 3191 utebatur.
735 3159 825 3190 Suet.
843 3158 882 3188 V.
903 3158 942 3187 7:
970 3157 1052 3187 Tota
1087 3164 1117 3186 c.
1134 3156 1175 3186 8:
1210 3164 1265 3185 nec
1287 3154 1394 3185 natan
1412 3164 1477 3194 pro
1502 3154 1610 3186 Galba
1640 3153 1814 3195 Verqim’m.
1839 3175 1882 3180 —
1906 3158 1955 3189 in-

189 3212 245 3244 m'a
266 3212 476 3252 aliquorum
497 3226 619 3256 qnoque
637 3216 773 3247 militam
795 3214 902 3245 obvios
920 3222 1050 3244 macu-
1084 3215 1175 3250 grate
1197 3210 1331 3251 adisset]
1371 3220 1391 3242 a
1413 3221 1448 3243 se
1472 3212 1656 3253 accepisset
1669 3236 1677 3252 ,
1712 3212 1779 3244 sibi
1804 3213 1953 3255 deberet,

188 3268 284 3308 hm,-
301 3280 423 3310 perque
445 3271 571 3303 stabula
593 3283 634 3303 ac
657 3272 839 3303 deversoria
862 3269 1049 3301 nuazbm'lm
1086 3277 1194 3307 neque
1235 3271 1344 3299 tamen
1379 3268 1527 3308 praemio
1564 3269 1665 3308 digno
1702 3279 1737 3301 se
1776 3271 1951 3303 affecisset.

189 3336 230 3356 αι·
251 3327 424 3358 cantor-ibus
447 3333 580 3368 praeter
601 3330 725 3359 modum
751 3328 865 3364 comis,
899 3331 933 3356 ut
958 3335 1048 3355 mane
1085 3325 1172 3355 Elin.
1199 3341 1242 3346 —
1277 3323 1473 3368 Hordeonio]
1511 3326 1692 3365 superioris
1716 3328 1880 3358 exercitus
1905 3329 1950 3359 le-

1596 3381 1679 3421 18*
