2176 3672
184 270 269 315 336
644 268 911 312 CORNELII
941 268 1132 312 TACITI
1163 269 1558 314 HISTORIARUM

184 391 372 437 vastam
415 398 494 427 non
537 383 798 427 frumentum
836 394 1014 438 usquam
1044 384 1269 438 exercitui,
1310 396 1388 428 nec
1426 385 1657 429 exercitum
1693 385 1785 430 sine
1824 385 1958 441 copiis

181 466 354 510 retineri
393 476 528 518 posse.
572 464 655 506 iam
686 461 942 516 Germanos,
984 463 1100 518 quod
1127 475 1261 519 genus
1291 462 1475 508 militum
1514 465 1631 520 apud
1668 465 1806 509 hostis
1835 468 1952 510 atro-

181 546 394 589 cissimum
425 544 493 596 sit,
524 546 660 586 tracto
690 542 731 585 in
763 545 970 585 aestatem
1000 542 1110 586 bello
1140 542 1265 586 fluxis
1290 544 1539 599 corporibus
1568 546 1845 590 mutationem
1872 544 1955 591 soli

181 626 367 680 caelique
396 623 510 666 haud
540 622 807 666 toleraturos,
853 621 988 666 multa
1006 621 1118 666 bella
1146 624 1309 677 impetu
1329 623 1471 668 valida
1490 638 1568 680 per
1585 626 1731 670 taedia
1749 629 1794 670 et
1811 636 1954 671 morse

147 705 408 748 sevanuisse.
454 708 599 747 contra
629 703 733 757 ipsis
754 702 892 745 omnia
912 702 1115 756 opulenta
1144 708 1187 747 et
1215 702 1315 757 fida,
1343 703 1606 749 Pannoniam
1626 704 1833 750 Moesiam
1851 705 1953 750 Del·

180 786 351 828 matiam
382 784 595 827 Orientem
628 794 722 826 cum
752 781 928 836 integris
959 782 1236 838 exercitibus,
1278 783 1449 828 Italiam
1479 788 1524 829 et
1552 790 1683 840 caput
1710 798 1853 830 rerum
1879 798 1953 831 nr·

179 865 273 908 bem
303 868 579 918 senatumque
608 867 652 907 et
682 862 908 917 populum,
948 875 1178 918 numquam
1208 863 1388 908 obscura
1415 865 1607 919 nomina,
1648 866 1778 910 etiam
1807 866 1846 910 si
1873 864 1953 911 aii-

178 945 344 999 quando
374 943 699 995 obumbrentur3
730 942 922 997 publicas
951 943 1228 998 privatasque
1258 957 1361 999 opes
1391 948 1436 989 et
1464 945 1698 990 inmensam
1726 945 1951 1001 pecuniam

179 1026 289 1068 inter
326 1023 471 1067 civiles
510 1023 741 1067 discordias
782 1022 894 1066 ferro
935 1022 1207 1077 validiorem
1252 1036 1433 1079 corpora
1470 1024 1654 1069 militum
1694 1029 1772 1070 aut
1799 1025 1952 1072 Italiae

125 1117 165 1147 10
178 1109 301 1148 sueta
322 1109 397 1148 aut
420 1104 617 1148 aestibus.
662 1102 856 1147 obiacere
885 1102 1042 1147 flumen
1067 1103 1245 1158 Padum,
1276 1108 1394 1149 tutas
1423 1105 1526 1149 viris
1556 1106 1773 1161 murisque
1803 1105 1950 1161 urbem

176 1199 200 1228 e
230 1184 382 1239 quibus
411 1183 569 1227 nullam
598 1183 712 1227 hosti
743 1195 955 1227 cessuram
984 1183 1227 1228 Placentiae
1255 1183 1499 1229 defensione
1528 1184 1808 1240 exploratum.
1851 1197 1952 1242 pro-

176 1266 274 1309 inde
303 1266 477 1308 duceret
505 1263 673 1307 bellum.
719 1263 867 1318 paucis
897 1263 1047 1308 diebus
1079 1268 1278 1320 quartam
1307 1265 1514 1309 decimam
1543 1264 1766 1320 legionem,
1795 1274 1952 1322 magna

177 1347 314 1400 ipsam
343 1345 483 1398 fama,-
505 1357 599 1388 cum
630 1343 826 1388 Moesicis
856 1344 989 1399 copiis
1019 1343 1186 1389 adfore:
1218 1348 1310 1388 tum
1339 1357 1490 1389 rursus
1520 1344 1874 1402 deliberaturum,
1904 1346 1950 1391 et

177 1427 213 1469 si
254 1425 459 1480 proelium
498 1425 748 1479 placuisset,
790 1424 928 1468 auctis
957 1424 1118 1468 viribus
1159 1428 1407 1469 certaturos.
1468 1424 1562 1479 (33)
1600 1424 1829 1470 accedebat
1856 1437 1952 1470 sen-

123 1518 164 1548 15
178 1507 335 1549 tentiae
372 1505 541 1548 Paulini
571 1505 733 1548 Marius
764 1504 933 1558 Celsus;
976 1505 1089 1549 idem
1128 1505 1296 1560 placere
1324 1505 1463 1549 Annio
1493 1504 1616 1549 Gallo
1653 1517 1813 1561 paucos
1850 1508 1952 1551 ante

178 1587 268 1630 dies
297 1586 421 1640 lapsu
450 1586 549 1640 equi
578 1584 747 1629 adflicto
778 1585 908 1635 missi,
938 1585 1011 1640 qui
1035 1585 1257 1629 consilium
1287 1586 1379 1629 eius
1409 1585 1742 1639 sciscitarentur,
1771 1585 1950 1631 rettule-

178 1670 285 1710 rant.
345 1666 456 1710 Otho
488 1678 644 1720 pronus
674 1665 731 1708 ad
760 1665 1083 1719 decertandum;
1123 1664 1259 1710 frater
1290 1666 1382 1710 eius
1411 1665 1608 1710 Titianus
1637 1668 1681 1710 et
1708 1665 1952 1721 praefectus

179 1747 379 1801 praetorii
420 1746 625 1789 Proculus
661 1746 878 1800 imperitia
917 1749 1196 1800 properantes
1235 1744 1449 1790 fortunam
1490 1750 1535 1790 et
1575 1746 1678 1790 deos
1716 1750 1762 1791 et
1798 1757 1954 1792 numen

177 1827 356 1870 Othonis
385 1827 533 1869 adesse
563 1826 769 1880 consiliis,
801 1825 946 1870 adfore
976 1826 1196 1870 conatibus
1225 1826 1515 1881 testabantur,
1547 1838 1631 1870 neu
1658 1826 1756 1882 quis
1784 1824 1953 1872 obviam

121 1919 163 1950 so
178 1908 238 1951 ire
268 1908 501 1951 sententiae
531 1907 728 1960 auderet,
768 1907 811 1950 in
843 1906 1130 1951 adulationem
1160 1910 1468 1951 concesserant.
1512 1909 1740 1962 postquam
1767 1907 1952 1964 pugnari

176 1987 401 2042 placitum,
441 1988 644 2031 interesse
674 1999 840 2042 pugnae
869 1987 1169 2042 imperatorem
1200 2000 1253 2031 an
1283 1987 1431 2042 seponi
1460 1986 1611 2031 melius
1641 1986 1753 2032 foret
1781 1987 1951 2033 dubita-

177 2080 284 2111 vere.
344 2067 520 2110 Paulino
551 2070 594 2110 et
624 2066 746 2111 Celso
775 2068 858 2110 iam
888 2080 972 2111 non
1003 2066 1350 2122 adversantibus,
1393 2080 1447 2112 ne
1474 2067 1709 2123 principem
1737 2067 1951 2114 obiectare

177 2147 374 2202 periculis
403 2147 667 2201 viderentur,
709 2148 820 2191 idem
849 2147 914 2191 illi
943 2148 1163 2191 deterioris
1193 2148 1358 2192 consilii
1388 2151 1585 2192 auctores
1613 2147 1862 2204 perpulere,
1900 2150 1951 2195 ut

177 2228 406 2271 Brixellum
446 2228 694 2272 concederet
733 2240 782 2271 ac
811 2228 951 2271 dubiis
980 2228 1236 2282 proeliorum
1265 2233 1488 2284 exemptus
1517 2241 1707 2274 summae
1734 2241 1877 2273 rerum
1904 2231 1951 2274 et

122 2319 164 2350 τε
178 2309 344 2362 imperii
380 2321 427 2351 se
454 2309 592 2363 ipsum
624 2312 871 2352 reservaret.
919 2309 957 2352 is
987 2309 1148 2363 primus
1177 2309 1270 2353 dies
1299 2309 1562 2353 Othonianas
1596 2313 1744 2365 partes
1772 2308 1949 2355 adflixit.-

272 2415 286 2443 1
314 2416 475 2443 natatem
499 2412 560 2442 alii
638 2414 656 2444 6
683 2412 791 2453 capud
873 2413 926 2451 6,7
955 2412 1095 2454 [urbem]
1121 2414 1269 2445 Heraeus
1355 2416 1373 2446 '1
1400 2414 1500 2446 etism
1522 2414 1552 2447 si
1575 2413 1659 2445 dau·
1681 2413 1750 2445 etis
1773 2412 1851 2457 (etsi
1873 2412 1948 2455 Διῒ)

178 2460 198 2489 8
228 2458 369 2497 pecunia
457 2460 496 2490 10
521 2462 614 2498 sueta
701 2460 739 2489 11
768 2461 906 2489 censura
998 2458 1191 2491 defensione
1215 2462 1336 2499 (notam
1360 2459 1420 2491 del.
1448 2462 1512 2501 lm)
1605 2458 1703 2503 12118
1727 2461 1851 2500 magn!
1872 2459 1948 2501 ipsi

179 2505 265 2534 sami
336 2507 377 2536 13
403 2514 476 2535 cum
493 2514 551 2535 mn.
621 2504 794 2536 moosaicis
811 2504 999 2546 (Moesiacis
1015 2504 1090 2546 alii)
1112 2505 1268 2538 Moesicis
1284 2516 1357 2538 eum
1374 2506 1474 2537 mam
1544 2508 1586 2539 14
1611 2506 1716 2547 §lium
1788 2506 1829 2538 15
1854 2505 1947 2538 eelsff

178 2553 297 2590 (notam
322 2550 353 2580 in
378 2559 394 2580 s
417 2550 549 2581 nudavit
574 2549 636 2592 lm)
733 2551 772 2581 16
798 2549 893 2581 lsbsu
987 2552 1028 2582 20
1061 2551 1190 2583 audiret
1282 2553 1324 2584 24
1358 2552 1503 2592 filiorum
1593 2554 1721 2584 summi
1813 2552 1856 2584 85
1881 2551 1948 2584 In·

180 2596 279 2635 petiis
304 2597 335 2634 (s
358 2595 419 2626 del.
449 2600 510 2633 lm)

181 2675 278 2705 naris
297 2674 444 2716 subsidio]
470 2676 548 2715 quis
572 2676 694 2707 classes
719 2679 856 2707 cunetae
881 2674 1043 2715 parebant
1058 2679 1060 2701 ¹
1077 2677 1277 2717 Claudiana,
1314 2678 1403 2710 vul.
1429 2679 1513 2719 Aug.
1528 2702 1537 2718 ,
1565 2678 1754 2719 Aquileiam
1777 2677 1843 2711 ism
1865 2681 1947 2711 tane

182 2732 315 2762 Othoni.
351 2749 395 2756 —
432 2733 539 2774 fluxis]
581 2743 639 2773 per
678 2733 907 2773 intemperiem
947 2734 1043 2773 caeli,
1078 2735 1246 2774 ingressae
1271 2744 1299 2765 c.
1319 2736 1373 2767 46.

182 2789 320 2820 maximo
346 2799 403 2829 per
427 2795 537 2821 aestus
562 2790 663 2821 laxati
680 2813 688 2829 ,
715 2789 812 2821 facile
836 2789 961 2821 morbis
987 2801 1041 2830 pe-

181 2846 368 2877 stilentibus
392 2847 533 2887 expositi
560 2852 653 2879 erant
677 2846 832 2878 Germani
855 2846 1042 2890 (hinsdlliq).
1124 2850 1178 2881 3⁸.
1209 2858 1321 2880 numen
1339 2850 1480 2891 Othonis]
1508 2850 1550 2883 cf.
1568 2850 1648 2882 Hor.
1666 2849 1721 2881 od·
1738 2851 1772 2890 4,
1790 2851 1824 2891 ὅ,
1841 2851 1884 2883 u
1900 2850 1943 2884 d·

184 2903 224 2933 cf.
253 2912 279 2932 c.
299 2904 360 2935 98:
400 2906 630 2935 Germanorum
654 2904 883 2943 Gallorumque
906 2903 1042 2936 obnoxia
1078 2907 1249 2946 Augusto:
1274 2906 1414 2939 Laribus
1436 2913 1522 2938 tuum
1548 2908 1661 2939 Miscet
1681 2916 1805 2939 nmen.
1841 2906 1943 2942 ovid.

185 2959 298 2990 morbis
315 2971 458 2999 corpora.
486 2979 526 2984 —
551 2972 720 3001 numquam
745 2961 879 2993 obseura
903 2961 1043 3005 nemisia]
1059 2973 1061 3005 ᾗ
1078 2963 1177 2994 Trist.
1205 2964 1237 3002 5,
1268 2966 1328 3001 10,
1356 2965 1398 2995 ⁶2
1424 2964 1574 2996 Caesar-’e
1597 2965 1718 3005 offano
1740 2964 1875 2997 mbo.
1898 2981 1945 2990 —

186 3016 247 3045 ilic
273 3017 452 3057 rbetorice3
479 3028 555 3049 vere
580 3018 620 3048 11.
653 3021 679 3057 1,
705 3019 768 3050 ὅδε
795 3024 921 3050 uenatus
937 3029 1042 3060 popu·
1059 3040 1061 3051 .
1078 3020 1265 3061 Βνίαὶἰωιι]
1299 3021 1333 3051 in
1358 3021 1475 3052 dextr·
1500 3022 1581 3053 Padi
1606 3022 1700 3063 ripa,
1737 3031 1841 3063 propo
1864 3021 1945 3055 Pst-

184 3073 267 3110 lique
292 3073 425 3104 [tomani
454 3073 623 3106 obliterata
656 3075 719 3106 iam
751 3077 888 3108 numina.
915 3093 957 3100 —
990 3076 1040 3109 ob·
1059 3080 1061 3104 1'
1079 3086 1164 3109 mam
1189 3081 1222 3109 et
1246 3077 1396 3117 Regium,
1422 3078 1520 3110 hodio
1545 3078 1686 3111 Ber-seno
1710 3079 1782 3112 sive
1798 3078 1943 3112 Brenno

185 3129 284 3158 inem
309 3147 350 3152 —
377 3130 511 3174 Padum]
550 3133 702 3163 nimirum
727 3134 885 3173 regressis
910 3134 957 3165 cis
981 3133 1041 3165 P·—
1079 3134 1112 3166 in
1136 3134 1258 3166 ducatu
1282 3134 1473 3167 alutinensi.
1500 3153 1542 3159 —
1575 3146 1608 3167 ce
1630 3136 1743 3179 ι’μκιι]
1776 3134 1942 3169 Othonem

188 3187 276 3224 dum,
302 3189 388 3226 quod
415 3190 485 3220 vult
502 3190 695 3221 Suetonius:
723 3200 797 3221 nam
823 3200 909 3222 nune
934 3190 1041 3231 ipsum
1078 3191 1186 3232 ipsum
1210 3196 1384 3231 opponunt
1407 3191 1470 3223 sibi
1496 3192 1617 3233 legsti,
1651 3194 1708 3233 qui
1733 3202 1821 3225 nune
1843 3202 1940 3235 sepo-

1078 3248 1141 3279 sito
1167 3246 1298 3279 othone
1331 3258 1384 3280 res
1416 3254 1494 3280 sunt
1527 3250 1661 3289 gesturi.
1709 3250 1815 3291 Igitur
1838 3250 1942 3291 ilva-s

1078 3314 1144 3336 non
1169 3304 1286 3345 friget,
1312 3310 1349 3337 nt
1373 3305 1549 3337 videbatur
1573 3307 1746 3348 Emestio3
1771 3307 1870 3340 immo
1894 3307 1942 3341 s!-

188 3250 359 3275 vcrssntur
377 3251 465 3275 trsns
485 3246 607 3277 l'sdum
632 3248 678 3289 (in
702 3248 837 3278 sinistrs
861 3248 931 3279 eius
956 3247 1041 3291 ripe)

185 3300 346 3331 Bedriaci.
374 3302 506 3332 Dcmix.
533 3320 571 3325 ——
598 3315 666 3334 cum
688 3305 834 3336 Moesicis
858 3306 970 3346 copiis]
997 3306 1038 3337 cs.

183 3367 211 3388 c.
231 3358 295 3396 s⁵;
327 3363 392 3388 tres
417 3364 509 3389 erant
535 3361 691 3399 legiones,
717 3361 774 3392 111.
800 3363 941 3402 Gallice,
968 3363 1039 3395 vu.

1077 3362 1307 3394 nesci-simum
1335 3367 1395 3395 est.
1441 3362 1524 3406 (Nos
1547 3363 1706 3396 dicimus:
1731 3364 1814 3396 aeine
1837 3364 1941 3405 abeno
1995 3358 2000 3363 ’
