2176 3672
60 826 65 831 1
599 731 1077 796 CORNELII
1138 732 1479 796 TAGI'M

44 848 146 1059 ᾖ
414 893 1658 969 uls'moRIAnUM

783 1066 998 1110 LIBER
1035 1065 1305 1109 PRIMUS.

681 1334 1147 1372 BREVIABIUM
1189 1334 1403 1372 LIBRI.

159 1455 238 1496 cap.
266 1460 295 1488 1.
342 1456 522 1487 Praefatio.
570 1456 716 1486 auctoris
740 1456 896 1495 dignitas,
922 1460 1026 1496 aetas,
1051 1457 1248 1488 institutum.
1299 1460 1328 1488 2.
1356 1459 1386 1488 3.
1412 1457 1595 1497 praesentis
1618 1457 1776 1489 historiae
1800 1468 1927 1490 summa

201 1501 321 1541 capita.
368 1502 400 1532 4.
419 1503 451 1532 5.
475 1503 581 1533 status
597 1501 701 1540 urbis,
726 1511 819 1532 mens
836 1502 1051 1543 exercituum,
1077 1502 1211 1534 habitus
1237 1504 1486 1542 provinciarum
1510 1504 1620 1535 occiso
1636 1505 1778 1535 Nerone.
1824 1505 1926 1544 Nym-

199 1546 335 1587 phidias
358 1546 534 1587 imperium
556 1547 714 1578 affectans
732 1556 920 1588 oppressus.
970 1550 1000 1579 6.
1021 1550 1050 1580 7.
1077 1548 1219 1580 Galbam
1236 1549 1415 1580 crudelitas
1433 1559 1503 1590 sua,
1529 1553 1631 1589 aetas,
1657 1551 1804 1590 corporis
1821 1551 1926 1581 forma

201 1595 235 1624 et
257 1592 440 1623 amicorum
454 1593 539 1624 vitia
560 1593 704 1624 reddunt
718 1594 874 1625 invisum.
923 1596 954 1626 8.
975 1596 1006 1626 9.
1036 1597 1142 1626 status
1157 1595 1351 1635 Hispaniae,
1377 1595 1519 1635 Galliae,
1545 1595 1816 1627 Germanicorum
1833 1606 1924 1628 exer-

199 1638 336 1678 cituum,
359 1638 563 1678 Britanniae,
589 1639 731 1679 Illyrici.
781 1642 833 1670 10.
869 1641 905 1671 in
928 1640 1024 1680 Syria
1046 1641 1193 1671 Muciani
1218 1641 1359 1672 virtutes
1383 1645 1416 1672 et
1440 1642 1532 1672 vitia.
1581 1641 1692 1672 Flavii
1715 1643 1922 1682 Vespasiani,

197 1684 371 1716 Iudaicum
394 1684 521 1716 bellum
543 1685 818 1724 administrantis,
844 1686 973 1717 animus
995 1687 1031 1717 in
1056 1686 1207 1718 Galbam.
1259 1690 1311 1718 11.
1335 1688 1493 1727 Aegypti,
1519 1687 1664 1728 Africae,
1688 1689 1924 1728 Mauretaniae,

197 1730 346 1770 Raetiae,
370 1731 497 1770 Norici,
522 1731 695 1771 Thraciae,
717 1732 836 1762 Italiae
860 1735 964 1763 status
989 1742 1073 1763 coss.
1101 1732 1210 1764 Galba
1234 1737 1268 1763 et
1291 1733 1402 1764 Vinio.

245 1778 299 1808 12.
339 1776 524 1808 Deficiente
563 1777 743 1817 superioris
779 1777 976 1809 Germaniae
1014 1778 1122 1809 milite
1156 1778 1265 1809 Galba
1305 1779 1346 1810 de
1382 1779 1572 1819 adoptando
1608 1778 1749 1810 Caesare
1788 1780 1922 1819 cogitat.

203 1824 253 1854 13.
287 1822 408 1853 Vinius
432 1821 558 1853 Othoni
583 1823 684 1862 favet,
708 1833 776 1854 non
800 1823 848 1854 ita
869 1824 958 1854 Laco
984 1827 1018 1854 et
1040 1825 1159 1855 Icelus.
1210 1827 1261 1856 14.
1290 1824 1399 1855 Galba
1423 1825 1599 1856 transactis
1623 1825 1755 1865 imperii
1780 1826 1924 1856 comitiis

198 1867 355 1899 Pisonem
378 1868 482 1907 eligit,
506 1868 673 1900 hominem
696 1869 824 1909 antiqui
848 1870 950 1900 moris
975 1873 1007 1900 et
1030 1880 1193 1909 severum,
1218 1871 1271 1901 cui
1297 1872 1349 1902 15.
1370 1873 1424 1903 16.
1449 1871 1641 1911 adoptionis
1666 1881 1782 1902 causas
1807 1875 1839 1902 et
1863 1872 1922 1901 im-

198 1914 285 1954 perii
307 1914 560 1945 administrandi
585 1915 759 1946 consilium
782 1916 898 1954 aperit.
950 1918 1003 1948 17.
1026 1916 1159 1947 Pisonis
1182 1917 1270 1947 inter
1293 1917 1375 1948 haec
1399 1917 1593 1949 moderatio.
1646 1918 1700 1949 18.
1724 1917 1860 1957 adoptio
1887 1917 1923 1947 in

200 1959 317 1991 castris
337 1963 537 2000 nuncupata,
564 1961 616 1991 19.
642 1963 712 1991 tum
735 1961 771 1991 in
794 1964 931 2001 senatu,
956 1962 1059 2002 legati
1083 1963 1125 1993 ad
1150 1962 1336 1994 defectores
1359 1963 1462 1994 missi.
1513 1964 1566 1994 20.
1592 1963 1735 1994 Neronis
1758 1963 1922 2003 prodigae

201 2005 396 2036 donationes
418 2005 587 2037 rescissae.

246 2052 303 2083 21.
327 2050 452 2082 Othoni
474 2061 533 2091 spe
555 2052 649 2092 lapso
674 2052 850 2083 consilium
874 2053 909 2083 in
934 2052 1089 2093 turbido,
1129 2055 1182 2085 22.
1206 2054 1444 2093 instigantibus
1469 2053 1618 2092 libertis,
1644 2054 1769 2094 servis,
1794 2053 1921 2085 mathe-

200 2096 352 2135 maticis,
377 2098 429 2129 23.
449 2098 503 2129 24.
528 2098 653 2137 paratis
675 2097 741 2128 iam
764 2101 840 2129 ante
864 2099 1008 2130 militum
1031 2099 1151 2130 studiis
1174 2109 1235 2139 per
1258 2099 1438 2131 blanditias
1464 2103 1497 2131 ct
1520 2099 1734 2139 largitiones,
1759 2100 1921 2130 oscitante

201 2141 244 2172 ad
267 2142 302 2172 id
325 2143 504 2182 praefecto.
553 2145 608 2175 25.
634 2144 686 2174 26.
722 2153 800 2183 ergo
824 2145 890 2175 iam
912 2145 1062 2183 legiones
1087 2148 1120 2176 et
1142 2145 1269 2176 auxilia
1291 2156 1352 2186 pro
1378 2146 1519 2177 Othone.
1569 2147 1623 2177 27.
1656 2155 1733 2176 mox
1768 2146 1921 2177 consalu-

203 2190 292 2218 tatus
314 2187 494 2228 imperator
518 2189 570 2219 28.
597 2189 713 2220 castris
736 2191 956 2229 praetorianis
980 2191 1131 2223 infertur.

247 2234 301 2265 29.
327 2235 381 2266 30.
415 2234 493 2265 Piso
517 2235 706 2274 cohortem,
733 2245 817 2275 quae
841 2236 875 2266 in
899 2236 1029 2268 Palatio
1054 2237 1231 2268 stationem
1256 2237 1347 2277 agit,
1381 2237 1534 2268 hortatur
1557 2237 1599 2267 ad
1623 2236 1734 2268 fldem.
1782 2238 1836 2269 31.
1862 2237 1922 2267 illa

201 2279 290 2318 rapit
313 2279 429 2319 signa,
463 2280 602 2320 reliquis
625 2281 730 2320 copiis
754 2282 991 2313 deficientibus.
1042 2283 1097 2313 32.
1124 2284 1177 2314 33.
1213 2283 1323 2323 plebis
1355 2283 1505 2314 adulatio
1540 2286 1573 2313 et
1602 2283 1730 2313 levitas.
1781 2282 1920 2313 fluctuat

201 2323 311 2355 Galba
334 2335 409 2356 cum
433 2326 549 2357 amicis
580 2336 622 2357 an
647 2328 896 2360 occurrendum.
946 2330 1000 2360 34.
1036 2329 1261 2368 praemittitur
1285 2330 1320 2359 in
1344 2332 1453 2360 castra
1476 2329 1566 2359 Piso.
1613 2329 1716 2359 falsus
1742 2328 1782 2359 de
1808 2329 1918 2359 occiso

200 2368 333 2402 Othone
355 2381 477 2402 rumor.
526 2373 580 2404 35.
605 2373 749 2412 populus
773 2378 806 2404 et
829 2377 963 2405 senatus
988 2373 1134 2413 Galbae,
1169 2376 1222 2407 36.
1249 2378 1357 2406 castra
1382 2374 1507 2405 Othoni
1532 2375 1652 2405 favent.
1705 2375 1759 2405 37.
1783 2375 1838 2406 38.
1863 2374 1918 2405 hic

199 2416 343 2447 militum
375 2417 502 2448 animos
534 2418 684 2450 oratione
717 2419 782 2449 sibi
807 2420 983 2459 conciliat,
1019 2420 1146 2451 Galbae
1171 2425 1204 2452 et
1226 2420 1341 2452 Pisoni
1364 2421 1475 2451 reddit
1498 2421 1655 2451 infensos.
1703 2429 1794 2450 arma
1817 2420 1918 2450 militi

201 2461 332 2494 dividit.
382 2464 434 2495 39.
461 2463 567 2502 agitat
589 2463 679 2494 Laco
704 2465 745 2496 de
770 2466 870 2496 caede
894 2465 996 2497 Vinii.
1044 2467 1098 2498 40.
1137 2465 1245 2498 Galba
1269 2467 1425 2505 fluctuat,
1461 2465 1557 2505 plebs
1582 2469 1686 2496 nutat.
1736 2464 1917 2496 Othoniani

201 2507 309 2539 forum
330 2508 526 2548 irrumpunt.
576 2511 631 2541 41.
658 2509 766 2541 Galba
790 2511 949 2551 desertus,
974 2512 1122 2552 occisus3
1147 2514 1202 2544 42.
1226 2513 1276 2544 sie
1300 2516 1333 2544 et
1350 2512 1479 2542 Vinius.
1526 2513 1579 2543 43.
1607 2511 1792 2551 Sempronii
1811 2511 1917 2542 Densi

200 2553 292 2585 fides.
339 2554 417 2585 Piso
435 2564 560 2595 caesus,
585 2557 639 2587 44.
665 2565 785 2595 magna
801 2557 943 2588 Othonis
958 2558 1096 2588 laetitia.
1145 2558 1296 2590 caedium
1319 2557 1465 2598 praemia
1489 2561 1662 2597 poscentes
1679 2558 1770 2587 iussu
1787 2557 1916 2587 Vitellii

200 2603 316 2640 postea
347 2600 524 2632 interfecti.
570 2602 624 2633 45.
660 2602 837 2634 adulantur
870 2606 1003 2634 senatus
1028 2606 1060 2634 et
1083 2605 1226 2643 populus
1248 2605 1411 2635 victorem
1436 2602 1618 2641 Othonem,
1654 2603 1710 2642 qui
1732 2603 1916 2634 coercendo

199 2645 341 2676 militum
373 2646 478 2677 furori
509 2647 626 2686 impar.
673 2649 727 2679 46.
765 2649 800 2679 hi
831 2650 1023 2680 vacationes
1056 2649 1121 2679 sibi
1153 2649 1277 2680 remitti
1311 2652 1439 2688 petunt.
1487 2649 1575 2679 Laco
1608 2652 1641 2679 et
1675 2648 1784 2678 Icelus
1818 2649 1915 2679 caesi.

197 2692 253 2723 47.
276 2691 408 2724 Pisonis
432 2695 465 2723 et
488 2693 525 2723 Τ.
550 2692 639 2723 Vinii
662 2695 850 2733 sepultura,
885 2696 939 2728 48.
967 2695 1092 2734 elogia,
1117 2698 1324 2727 testamenta.
1372 2697 1427 2727 49.
1455 2693 1581 2725 Galbae
1605 2694 1787 2733 sepultura,
1812 2697 1915 2734 aetas,

50 2730 95 2857 ἓ
197 2736 366 2775 nobilitas,
389 2747 509 2776 mores,
533 2738 686 2770 honores.

241 2783 294 2814 ⁶0.
317 2784 494 2823 Trepidam
516 2784 631 2816 urbem
653 2795 761 2816 novus
785 2786 825 2817 de
843 2786 977 2818 Vitellio
1003 2786 1138 2816 nuntius
1163 2789 1316 2817 exterret.
1363 2786 1603 2825 Vespasianum
1628 2784 1781 2815 nonnulli
1805 2793 1910 2824 augu-

196 2831 319 2860 rantur.
365 2831 419 2862 51.
442 2830 544 2861 luitia
558 2831 730 2862 Vitelliani
753 2836 862 2863 motus
887 2842 926 2863 ex
944 2832 1033 2863 bello
1057 2832 1134 2862 Iulii
1152 2832 1302 2862 Vindicis
1326 2835 1358 2862 et
1374 2831 1496 2862 secutis
1520 2831 1598 2862 inde
1622 2830 1799 2861 discordiis
1823 2831 1914 2861 inter

155 2915 157 2917 r
198 2873 345 2914 legiones
361 2879 394 2907 et
410 2874 536 2907 Gallos.
583 2878 637 2908 52.
663 2879 715 2910 53.
743 2878 898 2909 Vitellius
921 2888 980 2909 suo
1005 2878 1139 2917 ingenio
1164 2878 1305 2916 ignavus
1329 2877 1371 2907 ad
1395 2886 1447 2907 res
1471 2886 1575 2907 novas
1600 2876 1789 2907 stimulatur
1811 2885 1832 2907 a
1848 2876 1917 2907 Va·

198 2918 287 2952 lente
310 2924 343 2952 et
359 2920 501 2953 Caecina
524 2923 654 2961 legatis.
702 2924 756 2954 54.
777 2925 828 2955 55.
854 2924 1002 2964 legiones
1027 2924 1198 2962 utriusque
1215 2922 1412 2954 Germaniae
1435 2921 1535 2952 fidem
1559 2922 1594 2952 in
1611 2921 1753 2953 Galbam
1778 2925 1915 2961 exuunt,

192 2965 254 2996 56.
275 2967 368 3006 segni
392 2972 577 3007 spectatore
602 2969 794 3001 Hordeonio
818 2970 939 3001 Flacco
965 2970 1083 3008 legato.
1134 2969 1185 3000 57.
1224 2968 1347 2999 Valens
1371 2967 1544 2998 Vitellium
1579 2967 1811 3007 imperatorem
1836 2976 1915 2998 con-

204 3011 321 3043 ·tlntat
342 3022 463 3052 magno
487 3014 631 3045 militum
654 3015 784 3046 studio:
826 3017 879 3046 58.
917 3014 1037 3055 quibus
1062 3013 1277 3053 poscentibus
1310 3012 1406 3044 multi
1432 3013 1529 3043 caesi.
1577 3014 1632 3044 59.
1668 3013 1773 3043 Iulius
1797 3013 1916 3045 Civilis

203 3056 380 3094 Meuium
397 3059 518 3091 evadit.
567 3060 722 3100 Undique
737 3061 873 3092 viribus
883 3065 1010 3099 auctus,
1035 3062 1088 3091 60.
1107 3060 1192 3090 inter
1208 3059 1321 3090 foedas
1337 3059 1524 3097 legatorum
1540 3058 1734 3097 discordias,
1761 3060 1814 3090 61.
1832 3058 1915 3090 duos

207 3102 363 3136 exoratus
386 3105 420 3135 in
436 3105 569 3137 Italiam
584 3106 697 3138 mittit.
746 3108 798 3137 62.
826 3111 935 3146 torpet
952 3106 1126 3143 Vitellius,
1153 3104 1250 3135 ardor
1274 3108 1307 3135 et
1331 3104 1382 3134 vis
1405 3103 1548 3134 militum
1572 3104 1659 3135 ultro
1684 3104 1779 3135 ducis
1802 3105 1916 3135 munia

206 3144 328 3186 implet.
374 3151 429 3183 63.
456 3151 566 3183 subito
591 3153 701 3183 surore
726 3155 896 3192 correptus
920 3153 1015 3183 miles
1038 3150 1079 3181 ab
1105 3150 1234 3181 excidio
1258 3149 1424 3180 Divoduri
1448 3158 1546 3188 aegre
1570 3153 1740 3189 temperat.
1787 3149 1916 3181 Gallias

204 3193 310 3223 terror
322 3193 459 3229 invadit.
507 3198 560 3229 64.
586 3197 722 3228 Vitellio
739 3198 930 3230 adhaerent.
981 3198 1035 3228 65.
1061 3195 1301 3235 Lugdunenses
1324 3205 1363 3226 ex
1381 3199 1492 3225 vetere
1515 3194 1591 3225 odio
1616 3194 1739 3226 milites
1763 3195 1798 3226 in
1823 3205 1914 3226 ever-

203 3235 328 3269 sionem
349 3239 586 3274 Viennensium
619 3244 807 3283 inpellunt;
848 3245 900 3275 66.
937 3244 988 3274 illi
1022 3246 1129 3273 tamen
1163 3241 1259 3272 donis
1293 3241 1469 3280 placantur
1493 3244 1526 3271 et
1549 3240 1715 3280 precibus.
1762 3241 1914 3272 Valentis

204 3283 344 3315 avaritia
366 3289 399 3318 et
420 3287 535 3320 libido.
587 3290 639 3321 67.
669 3291 722 3321 68.
760 3289 934 3320 Helvetios
959 3288 1087 3318 Vitellii
1119 3287 1293 3325 imperium
1314 3286 1498 3317 abnuentes
1522 3286 1665 3318 Caecina
1688 3286 1770 3317 belli
1795 3286 1914 3317 avidus

203 3327 319 3360 caedit.
365 3331 417 3363 69.
452 3334 651 3365 Aventicum
675 3343 772 3372 aegre
796 3334 1025 3373 impunitatem
1049 3333 1254 3371 salutemque
1278 3332 1444 3371 impetrat.
1495 3334 1547 3364 70.
1584 3333 1624 3362 In
1650 3332 1777 3363 Vitellii
1803 3336 1913 3371 partes

0 3387 35 3458 &a
200 3376 403 3414 transgressa
424 3377 540 3410 Italiae
564 3384 658 3418 parte
684 3379 826 3410 Caecina
850 3379 951 3418 Alpes
976 3381 1118 3417 superat.

1621 3425 1634 3442 f

215 3429 356 3465 Tacitus.
379 3434 420 3466 11.
1590 3424 1608 3460 1
1619 3437 1639 3458 o
