2176 3672
66 0 217 147 l

181 392 278 446 fuit,
306 393 354 436 id
381 392 522 448 ipsum
551 391 667 446 quod
695 389 867 446 paranti
895 387 1205 442 expeditionem
1225 387 1384 430 Othoni
1405 398 1579 441 campus
1599 385 1782 428 Martius
1812 387 1856 427 et
1884 384 1955 427 via

182 472 394 518 Flaminia
427 471 514 515 iter
547 470 649 515 belli
678 472 790 513 esset
817 467 1103 520 obstructum,
1145 480 1172 510 a
1199 466 1389 510 fortuitis
1418 466 1486 510 vel
1514 465 1782 510 naturalibus
1812 465 1953 509 causis

182 554 227 597 in
254 552 498 608 prodigium
528 555 572 595 et
598 562 720 594 omen
747 547 1055 591 imminentium
1086 547 1270 591 cladium
1298 547 1556 591 vertebatur.

298 632 392 688 (87)
422 631 536 675 Otho
564 630 750 674 lustrata
777 627 883 670 urbe
912 630 956 670 et
981 628 1175 682 expensis
1204 627 1304 671 belli
1328 627 1526 681 consiliis,
1556 626 1725 682 quando
1744 625 1956 670 Poeninae

184 713 436 767 Cottiaeque
463 710 594 766 Alpes
623 711 668 751 et
698 708 827 751 ceteri
858 706 1093 750 Galliarum
1123 708 1266 751 aditus
1286 707 1526 751 Vitellianis
1557 706 1811 751 exercitibus
1842 706 1956 750 clau-
1992 721 2011 750 5

184 787 750 845 dabantur,.Narbonensem
773 786 956 830 Galliam
982 788 1157 842 aggredi
1185 789 1353 842 statuit,
1384 787 1518 831 classe
1536 787 1678 830 valida
1699 790 1743 830 et
1760 787 1956 842 partibus

182 869 424 932 fiMuod
452 868 640 923 reliquos
672 880 891 911 caesorum
920 869 977 911 ad
1004 872 1176 923 pontem
1205 867 1411 911 Mulvium
1441 871 1484 911 et
1513 868 1694 911 saevitia
1722 867 1885 911 Galbae
1913 868 1956 911 in

180 931 378 995 custodia
405 948 577 992 habitos
606 949 650 991 in
680 961 877 992 numeros
906 948 1084 1002 legionis
1116 951 1430 1003 composuerat,
1473 947 1590 991 facta
1617 951 1661 991 et
1691 948 1842 991 ceteris
1881 961 1958 1003 spe

10 1072 20 1079 ,
122 1070 125 1073 ,
180 1030 469 1075 honoratioris
509 1029 552 1072 in
589 1032 809 1083 posterum
845 1028 1035 1072 militiae.
1084 1029 1253 1072 addidit
1291 1029 1418 1072 classi
1456 1028 1640 1071 urbanas
1679 1028 1873 1072 cohortes
1913 1031 1958 1071 et

181 1110 410 1166 plerosque
438 1122 463 1153 e
490 1109 795 1164 praetorianis,
833 1108 946 1152 virae
983 1111 1027 1152 et
1054 1109 1183 1153 robur
1219 1109 1428 1153 exercitus
1467 1111 1596 1164 atque
1631 1109 1738 1163 ipsis
1778 1108 1955 1152 ducibus
1969 1122 2012 1152 10

183 1190 405 1235 eonsilium
435 1192 479 1233 et
508 1190 717 1233 custodes.
764 1201 931 1232 summa
959 1189 1239 1243 expeditionis
1263 1190 1448 1234 Antonio
1467 1188 1656 1242 Novello,
1687 1188 1841 1232 Suedio
1862 1188 1955 1232 Cle-

182 1271 315 1315 menti
343 1269 700 1325 primipilaribus,
730 1269 911 1312 Aemilio
940 1269 1140 1324 Pacensi,
1170 1269 1239 1313 cui
1267 1270 1512 1324 ademptum
1542 1281 1569 1311 a
1597 1268 1734 1311 Galba
1762 1268 1954 1312 tribuna-

182 1354 275 1395 tum
303 1350 564 1404 reddiderat,
593 1349 814 1404 permissa.
861 1361 1005 1392 curam
1033 1350 1205 1393 navium
1223 1349 1421 1393 Moschus
1449 1349 1629 1393 libertus
1658 1349 1870 1392 retinebat
1898 1350 1955 1392 ad

180 1430 487 1474 observandam
516 1429 806 1474 honestiorum
834 1428 964 1473 fidem
992 1430 1253 1473 immutatus.
1298 1430 1489 1484 peditum
1519 1430 1791 1484 equitumque
1821 1430 1954 1484 copiis

779 273 951 318 LIBER
979 273 1013 316 Ι.
1071 271 1172 326 Cap.
1203 272 1269 315 86.
1299 273 1366 315 87.
1871 270 1954 313 303

274 1569 289 1599 1
315 1565 417 1611 quod]
442 1567 572 1606 quidem
594 1567 648 1597 ab
670 1565 816 1609 (quidem
833 1567 919 1606 quod
943 1565 996 1611 63)
1069 1568 1088 1598 3
1113 1567 1278 1598 claudium
1301 1578 1324 1598 α
1393 1569 1415 1599 4
1439 1571 1471 1598 et
1494 1578 1553 1599 om.
1570 1566 1589 1597 b
1658 1567 1738 1598 belli
1762 1567 1954 1599 Rhenamae:

180 1614 269 1646 bello
292 1613 347 1645 ab
437 1613 604 1645 Poeninae
627 1612 843 1644 Puteolanus:
865 1613 1028 1653 penninas
1051 1612 1104 1644 ab
1199 1615 1220 1645 5
1255 1613 1448 1653 Cottiaeque
1479 1613 1669 1644 Rhenanus.-
1702 1614 1868 1655 coctiaeq3
1901 1613 1953 1645 ab

180 1660 432 1702 (Cottianeeque
455 1658 570 1699 Εἶπεν)
652 1662 670 1691 7
697 1668 867 1690 caesarum
890 1659 944 1690 ab
967 1661 1063 1698 (corr.
1091 1659 1146 1699 ³5³)
1215 1660 1362 1690 miluium
1386 1670 1428 1698 a,
1452 1660 1600 1690 milinum
1625 1660 1644 1689 b
1726 1662 1746 1692 8
1771 1660 1953 1690 custodiam

179 1706 234 1738 ab
257 1708 354 1746 (corr.
379 1705 435 1745 ὁὶ)
515 1714 574 1744 spe
596 1705 645 1735 Ιο.
666 1706 724 1736 Fr.
750 1705 950 1737 ormwvius:
972 1715 1050 1745 spes
1073 1704 1125 1736 ab
1207 1707 1226 1737 9
1251 1706 1410 1745 honorate
1433 1704 1485 1736 ab
1567 1706 1609 1736 10
1633 1705 1722 1737 vires
1746 1709 1779 1737 et
1801 1706 1953 1746 Lipsius:

181 1751 262 1783 uiris
277 1750 382 1783 utab
453 1753 491 1783 11
520 1750 622 1781 suelio
638 1750 691 1781 ab
763 1753 805 1782 12
829 1751 951 1782 emulio
967 1750 1020 1781 ab
1089 1751 1239 1790 pascensi
1256 1751 1275 1782 b
1298 1751 1395 1793 (corr.
1413 1749 1469 1792 bs)
1538 1752 1615 1790 quui
1640 1752 1658 1782 b
1730 1753 1772 1783 13
1796 1752 1952 1783 Moschus

182 1796 302 1828 Oreas‘:
324 1795 443 1828 osehus
465 1795 527 1835 ab,
552 1805 648 1827 oscus
670 1795 732 1827 alii
800 1797 842 1828 14
866 1796 1025 1828 invitatus
1048 1797 1098 1836 vel,
1119 1797 1264 1828 imitatus
1287 1797 1357 1836 alii,
1385 1795 1601 1841 [immutatus]
1627 1798 1771 1828 Muretus

181 1919 222 1956 δὲ
253 1918 288 1955 ἐν
317 1912 348 1966 ᾦ
378 1917 435 1954 τὸν
465 1917 521 1954 ἐπὶ
551 1918 675 1963 πράσει
705 1920 914 1955 διαπωλοῦσι
946 1917 1284 1997 σίτον,ΙἘναργείας
1308 1932 1386 1962 ergo
1407 1923 1513 1962 iungit
1540 1923 1621 1954 haec
1646 1933 1829 1963 synonyma
1852 1923 1950 1954 etiam

182 1975 232 2017 ὥς
264 1975 378 2019 δεινὴν
418 1973 558 2019 ἀπορίαν
596 1974 737 2021 ἡμερῶν
777 1977 907 2021 συχνῶν
946 1988 1048 2011 κατα·
1085 1980 1115 2017 2,
1143 1981 1204 2010 11:
1233 1979 1310 2019 plus
1332 1980 1447 2010 virium
1470 1990 1511 2010 ac
1533 1979 1668 2011 roboris.
1715 1980 1870 2011 Eiusdem
1895 1990 1950 2020 ge-

183 2038 285 2087 σχεῖν.
322 2053 367 2059 -
405 2033 609 2079 obstructum]
658 2035 745 2067 Suet.
782 2034 822 2066 Ο.
861 2037 899 2067 8:
939 2035 1049 2075 primo
1084 2036 1171 2067 neris
1194 2045 1222 2067 c.
1241 2037 1303 2068 88:
1339 2036 1499 2068 occultare
1522 2042 1551 2068 et
1572 2037 1699 2068 abdere.
1738 2037 1779 2069 cf.
1807 2038 1951 2077 Draeqer

180 2103 309 2134 φησι
330 2092 592 2124 fimdanonabus
619 2091 742 2124 Rberis
764 2092 966 2130 retardatus,
1002 2091 1051 2122 ad
1084 2091 1208 2132 Syntu
1230 2093 1251 2133 ξ
1270 2095 1346 2125 842.
1372 2112 1417 2117 —
1433 2092 1708 2138 primipilaribus]
1733 2104 1765 2126 V.
1791 2104 1819 2125 c.
1834 2097 1887 2127 31.
1904 2112 1950 2118 —

181 2150 252 2182 XX.
284 2149 380 2181 etiam
410 2148 551 2189 lapidem
581 2149 678 2180 ruina
710 2149 928 2189 aedificiorum
951 2158 1048 2189 prac—
1082 2148 1289 2194 tnzumum]
1324 2151 1467 2182 cohortis
1499 2151 1655 2183 urbanae.
1694 2161 1721 2182 c.
1742 2153 1794 2184 20.
1822 2170 1866 2175 —
1897 2163 1949 2183 cw-

179 2208 302 2239 chama
324 2206 410 2238 viem
433 2206 573 2245 offendit.
615 2206 655 2237 de
678 2206 920 2238 constructione
952 2215 1047 2245 prae·
1082 2217 1154 2237 ram
1175 2205 1318 2252 navium]
1353 2208 1409 2239 ubi
1433 2209 1578 2248 peditum
1602 2209 1811 2248 equitumque
1837 2210 1950 2249 copiae

179 2264 278 2296 dicati
301 2263 344 2295 ad
367 2263 606 2303 appositionem
630 2263 865 2295 accommodati
888 2273 922 2294 v.
941 2263 1047 2294 Drac-

178 2332 235 2363 ρον
257 2321 350 2362 Synt.
376 2321 396 2362 5
415 2321 468 2353 78.

225 2380 281 2412 87.
324 2377 465 2409 lustrata
498 2376 587 2418 urbe]
625 2376 667 2408 ob
702 2377 853 2417 prodigia
891 2378 1044 2409 infausta.

180 2434 223 2467 ef.
246 2435 289 2467 A.
316 2437 380 2475 1³,
405 2436 458 2467 24.
495 2451 540 2456 —
578 2434 681 2465 claeae
714 2434 839 2475 valida]
880 2435 915 2465 in
951 2438 1047 2474 portu

179 2491 408 2524 Foroiuliensi.
435 2509 479 2515 —
502 2491 677 2533 caecorum]
701 2492 741 2523 cf.
760 2501 788 2523 c.
805 2494 836 2524 6.
854 2493 908 2524 37.
943 2491 1047 2522 Erant

179 2548 348 2581 classiarii.
383 2567 428 2572 —
461 2549 497 2580 in
528 2550 685 2591 munerea]
720 2549 756 2581 in
791 2549 969 2588 Fdlmlein;
1002 2549 1044 2579 cf.

179 2616 281 2647 supra
303 2615 331 2637 c.
348 2606 379 2638 6.
405 2605 486 2646 Agr.
504 2607 545 2638 18
571 2606 629 2646 „in
652 2607 803 2638 cohortes
827 2610 860 2638 et
882 2607 1045 2638 centurias

179 2672 236 2695 eos
259 2662 453 2703 descripsit,
488 2662 521 2694 in
553 2672 654 2702 quas,
687 2664 730 2695 ad
764 2664 983 2704 explendum,
1017 2664 1045 2695 si

178 2720 263 2752 forte
303 2719 491 2760 expediret,
538 2720 637 2752 totius
682 2721 823 2760 legionis
861 2730 1044 2760 numerum,

177 2780 293 2818 postea
348 2777 540 2808 accedentes
591 2778 705 2818 copiae
762 2779 1043 2810 recenserentur.“

180 2830 316 2866 hunn-
362 2834 414 2865 De
436 2834 488 2865 his
510 2835 659 2874 intellige
683 2836 715 2874 2,
737 2837 798 2867 11:
821 2834 924 2875 ipsum
951 2834 1044 2866 Otho-

179 2897 250 2919 nem
280 2891 513 2923 comitabantur
536 2910 580 2917 -
603 2893 811 2924 άαεείοοπιπι
843 2892 952 2931 inam
986 2902 1043 2922 nu-

177 2954 293 2976 m·
312 2965 358 2972 -
383 2949 599 2981 honoratioris
616 2967 659 2974 --
676 2947 825 2993 maitiae]
851 2958 948 2989 quam
973 2952 1043 2980 erat

179 3002 338 3043 οἰκείας
359 3009 397 3037 ut
418 3006 519 3046 igitur
542 3007 658 3038 fierent
680 3007 854 3047 legionarii
871 3007 928 3037 vel
945 3007 1042 3037 etiam

179 3059 390 3100 praetoriani.
428 3063 469 3094 cf.
493 3063 568 3095 Liv.
596 3065 660 3101 32,
687 3064 752 3095 2⁸:
786 3063 918 3095 navales
953 3063 1040 3100 socii,

179 3116 299 3151 relictis
333 3126 434 3157 nuper
462 3119 618 3152 ohannem
651 3121 700 3152 ad
720 3130 806 3161 spem
828 3120 1041 3152 honoratioris

177 3173 314 3204 milffiae
334 3176 535 3213 troeuqreui.
559 3195 604 3201 ——
634 3176 816 3220 plerosque]
851 3178 1042 3217 permultos,

178 3235 215 3262 nt
237 3231 322 3261 Ann-
348 3232 380 3269 4,
405 3232 436 3263 9.
474 3231 611 3271 Quintil.
629 3236 661 3274 Β,
679 3236 712 3274 4,
731 3235 770 3265 9:
791 3234 903 3265 videas
921 3234 1042 3274 pleros-

178 3297 238 3327 ⁹¹⁴⁶
259 3286 313 3318 ¹⁶7⁰
330 3288 471 3327 9070ssoe
492 3289 713 3323 exclamantes.
761 3291 984 3322 Memor-antur
1008 3291 1040 3321 hi

177 3344 376 3385 praetoriani
408 3354 521 3378 rursus
554 3348 591 3386 2,
619 3349 671 3379 u.
699 3365 740 3373 —
774 3348 857 3380 viru
880 3352 909 3379 et
930 3345 1039 3390 robur]

222 3401 365 3433 Tacitus.
404 3401 447 3433 11.

1083 2264 1117 2294 in
1135 2263 1278 2295 Galliam
1301 2265 1518 2305 appulissent,
1542 2266 1570 2297 is
1594 2266 1772 2306 remigibus
1796 2276 1948 2306 praeesse

1083 2326 1133 2359 et,
1169 2321 1197 2352 si
1221 2322 1300 2360 quid
1323 2322 1508 2354 detrimenti
1539 2333 1657 2363 passae
1688 2328 1798 2354 essent
1832 2333 1948 2363 naves,

1082 2387 1138 2409 eas
1161 2379 1353 2410 reficiendas
1377 2388 1491 2411 curare
1508 2379 1660 2412 debebat.
1684 2398 1729 2404 —
1752 2378 1947 2424 immutante]

1084 2435 1205 2467 Sensus
1240 2439 1311 2475 est,
1345 2439 1382 2466 ut
1405 2436 1539 2476 Lipsius
1570 2438 1617 2468 ait
1649 2438 1682 2468 in
1707 2438 1948 2477 Dispunetione

1083 2492 1162 2524 Cod.
1188 2493 1408 2524 Mirandulani
1430 2494 1493 2526 Ed.
1518 2495 1680 2534 Antverp.
1708 2495 1805 2525 1607.
1832 2504 1864 2533 p.
1888 2495 1946 2525 2⁷:

1082 2547 1274 2586 „Sententia
1306 2550 1413 2588 clara,
1448 2550 1601 2582 libertum
1624 2552 1722 2583 istum
1746 2551 1812 2594 (cui
1836 2552 1948 2591 generi

1081 2606 1246 2646 principes
1262 2608 1402 2639 maxime
1420 2607 1611 2649 credebant)
1630 2609 1741 2639 datum
1758 2609 1799 2639 ab
1817 2608 1946 2639 Othone

1081 2663 1124 2694 nd
1147 2663 1388 2695 observandam
1420 2665 1516 2695 fidem
1550 2666 1792 2703 honestiorum,
1828 2666 1945 2696 ducum

1081 2719 1217 2759 scilicet,
1241 2721 1297 2760 qui
1319 2726 1494 2761 praeerant
1516 2723 1614 2753 classi
1639 2722 1841 2754 Gallicanae.
1890 2722 1947 2753 Vi-

1080 2777 1160 2808 tium
1183 2778 1281 2809 modo
1305 2783 1355 2809 est
1378 2779 1411 2809 in
1436 2789 1470 2809 v.
1494 2779 1663 2819 navitam,
1697 2780 1784 2819 quod
1808 2780 1946 2811 Floren-

1080 2834 1148 2865 tino
1172 2839 1223 2866 est
1245 2834 1434 2867 immutatus.
1484 2836 1556 2867 Hoc
1579 2837 1717 2877 expedi,
1754 2834 1946 2879 (Frehere!)

1079 2895 1112 2922 et
1127 2892 1180 2922 vir
1197 2894 1265 2923 es.“
1314 2893 1524 2930 (Louandre:
1548 2903 1625 2924 avec
1640 2894 1771 2925 mis-sion
1787 2894 1826 2925 de
1842 2895 1948 2926 euim

1078 2953 1107 2979 et
1130 2948 1170 2980 de
1192 2949 1358 2980 eurveiller
1389 2960 1466 2981 ceux
1496 2951 1554 2989 qui
1581 2952 1722 2982 valaient
1750 2952 1855 2983 mieuae
1888 2961 1947 2991 que

1077 3006 1125 3036 lui
1132 3016 1146 3045 ;
1179 3006 1237 3037 sed
1260 3007 1451 3038 horoestiores
1474 3011 1550 3038 sunt
1574 3008 1707 3047 ingenui
1731 3012 1828 3048 atque
1853 3008 1945 3040 nobi-

1078 3063 1204 3101 liores.)
1251 3063 1423 3094 Doderlein
1455 3069 1641 3104 suspectum
1665 3075 1738 3096 voc.
1763 3066 1945 3098 enmutatus

1078 3120 1123 3150 ita
1139 3119 1301 3151 defendit:
1326 3120 1455 3160 „Quem
1479 3131 1546 3152 non
1570 3126 1753 3153 mutaverat
1768 3122 1855 3154 Otho
1878 3124 1944 3154 alio

1078 3177 1212 3207 navium
1236 3181 1405 3217 curatore,
1436 3178 1590 3210 libertum
1614 3179 1819 3219 potissimum
1842 3181 1944 3212 mui-

1078 3242 1193 3272 meque
1217 3233 1370 3265 idoneum
1394 3238 1483 3266 ratus
1508 3236 1548 3267 ad
1573 3236 1812 3268 observandam
1845 3238 1944 3268 hone-

1077 3290 1214 3321 stiorum
1238 3290 1357 3330 fidem,
1382 3292 1437 3330 qui
1460 3293 1657 3332 flagitiosum
1681 3292 1819 3325 Othonis
1843 3294 1944 3334 impo-

1077 3347 1162 3378 rium
1185 3347 1394 3379 detrectaturi
1418 3352 1537 3380 essent.
1579 3349 1714 3381 Poterat
1737 3359 1815 3381 sane
1840 3350 1944 3381 omitti

1620 3410 1672 3447 20
