2176 3672
184 227 270 274 568
618 226 888 275 CORNELII
917 225 1108 272 TACITI
1137 225 1535 272 HISTORIARUM

187 346 328 394 Syriae
372 343 613 382 nobilissima
659 345 822 389 civitas3
869 343 966 382 unde
1008 349 1047 381 e!
1087 345 1336 394 Assyriis
1378 341 1535 394 regibus
1569 356 1694 394 genus
1732 350 1771 383 et
1810 346 1971 395 reginae

188 401 435 439 Semae'rome'de‘
450 400 550 453 suit.
614 413 746 438 nomen
777 399 869 438 urbi
895 413 918 438 a
952 401 1139 439 Damasco
1180 413 1272 451 rege
1311 400 1487 438 inditum.
1534 422 1580 430 —
1616 407 1706 451 post
1736 403 1970 440 Danaes-mn

189 458 351 502 Aulus,
399 471 486 495 mox
516 458 669 495 Adora
706 464 744 495 et
772 456 1018 496 Abrahames
1056 463 1094 495 e!
1132 458 1289 496 Israhel
1324 470 1436 507 reges
1462 456 1595 510 suere.
1658 458 1725 496 sed
1763 458 1969 498 Imkekm

178 515 289 567 felix
319 515 440 551 decem
460 514 639 564 filiorum
657 519 867 565 proventus
891 514 1103 553 maest-ibus
1131 516 1212 553 suis
1231 515 1436 552 clariorem
1454 513 1575 567 secie.
1637 517 1765 566 itaque
1788 516 1971 567 populun

189 576 228 610 e'u
259 573 381 609 decem
413 584 534 621 regno
569 572 728 609 dimzmm
756 570 866 621 filiis
906 570 1082 617 tradidit,
1127 584 1326 622 omnesque
1354 585 1403 609 etc
1432 573 1581 609 nomine
1612 571 1745 618 Iudae,
1792 574 1862 624 qm'
1882 578 1976 625 pou

188 629 405 666 divtiu'onem
436 628 663 674 decesserat,
697 628 718 665 1
731 629 919 666 ndaeos
947 629 1157 679 appellavit
1185 628 1334 679 colique
1363 630 1581 666 memoriam
1612 631 1695 667 et'ue
1723 628 1773 666 ab
1801 627 1974 668 omum

189 687 314 731 1'',us.51!
349 698 458 722 cutus
483 686 615 736 portio
638 685 809 723 ommbus
837 692 1067 723 accesserat.
1130 684 1284 735 Trogus
1312 691 1444 724 autem
1465 686 1678 737 Pompeius
1706 686 1973 726 narrationem

191 755 301 780 suam
334 742 509 781 hausisse
539 742 698 781 videtur
736 742 880 792 partim
923 755 975 781 ex
1014 741 1168 794 aequali
1203 742 1395 793 scriptore
1427 742 1589 782 Nicolao
1619 741 1876 792 Damascene,
1902 743 1972 810 qni

189 800 338 839 Histor.
372 804 406 838 4.
450 800 510 838 ed.
543 799 668 838 Orelli
711 813 751 851 p.
798 803 899 839 114:
941 794 1155 865 Ἀβρᾶμης
1194 797 1416 849 ἐβασίλευσε
1456 795 1676 848 Δαμάσκου
1713 797 1862 849 ἔπηλυς
1901 794 1976 839 σύν

190 858 359 924 στρατῷ
388 853 606 907 ἀφιγμένος
650 854 692 895 ἐκ
735 857 807 906 τῆς
852 856 923 907 γῆς
965 857 1035 905 τῆς
1078 850 1178 925 ὑπὲρ
1220 854 1459 905 Βαβυλῶνος
1502 855 1714 895 Χαλδαίων
1750 854 1975 924 λεγομένης.

191 926 258 962 μετ
314 909 364 951 οὐ
406 909 531 951 πολύν
571 909 613 951 δὲ
651 908 791 964 χρόνον
830 908 1073 962 μεταναστὰς
1113 912 1181 951 καὶ
1225 908 1308 952 ἇπὸ
1349 908 1493 963 ταύτης
1532 914 1603 964 τῆς
1635 927 1768 965 χωρας
1807 909 1883 952 σύν
1920 914 1975 967 τῷ

190 968 365 1035 σφετέρῳ
410 971 489 1022 λαῷ
535 968 590 1016 εἰς
633 966 706 1020 τὴν
749 966 836 1008 τότε
880 967 951 1019 μὲν
997 970 1230 1008 Χαναναίαν
1273 968 1504 1039 λεγομένην,
1552 972 1627 1009 νῦν
1670 968 1713 1010 δὲ
1755 953 1974 1020 Ἰουδαίαύ,

191 1022 389 1081 μετῴκησε
418 1025 487 1065 καὶ
518 1025 560 1066 οἷ
598 1022 668 1066 ἄπ’
705 1026 860 1066 ἐκείνου
891 1023 1178 1077 πληθύσαντες.
1223 1050 1269 1056 -
1314 1027 1385 1066 τοῦ
1415 1023 1459 1066 δὲ
1481 1021 1690 1079 Ἀβράμου
1719 1026 1776 1067 Ru
1806 1025 1875 1069 nat
1902 1026 1977 1067 νῦν

193 1083 233 1123 ἐν
262 1085 310 1139 τῇ
343 1084 621 1134 Δαμασκηνῶν
650 1080 692 1123 τό
725 1079 851 1134 ὄνομα
882 1080 1093 1132 δοξάζεται.
1152 1085 1192 1123 id
1224 1085 1332 1138 quod
1361 1085 1493 1124 nescio
1525 1097 1643 1138 quam
1666 1098 1760 1125 vere
1789 1085 1838 1125 de
1866 1084 1977 1126 cultu

193 1142 327 1181 divino
361 1143 584 1180 Abrahamo
613 1142 767 1181 reddito
798 1142 1081 1193 interpretatur
1113 1141 1260 1181 Miiller
1288 1155 1327 1193 p.
1359 1145 1462 1188 865;
1502 1141 1625 1181 immo
1655 1142 1888 1194 simpliciter
1916 1147 1978 1183 est

196 1199 452 1247 »celebratur‚
499 1212 587 1238 cum
629 1200 779 1238 honore
830 1204 1106 1239 memoratur«.
1175 1199 1317 1249 partim
1361 1204 1490 1238 autem
1539 1198 1693 1249 Trogus
1730 1198 1977 1240 consuluisse

192 1256 349 1295 videtur
377 1256 648 1295 Alexandrum
679 1256 985 1308 Polyhistorem,
1023 1257 1135 1295 cuius
1176 1257 1226 1295 de
1265 1257 1494 1295 Abrahamo
1535 1260 1668 1296 exstat
1705 1256 1976 1297 testimonium

193 1314 295 1363 apud
325 1314 539 1363 Iosephum
562 1316 610 1355 A.
635 1314 667 1352 Ι.
703 1317 736 1361 1,
774 1316 836 1352 15.
895 1314 963 1366 qui
995 1314 1175 1365 scriptor,
1207 1317 1404 1366 quatenus
1434 1312 1568 1361 colligi
1598 1317 1733 1364 potest
1761 1326 1814 1353 ex
1833 1313 1978 1354 Ruseb.

195 1371 331 1420 Praep.
365 1383 504 1419 evang.
536 1374 574 1418 9,
623 1370 667 1409 17
703 1376 743 1409 et
773 1372 839 1418 21,
881 1371 1047 1410 fortasse
1091 1371 1175 1422 ipse
1206 1371 1356 1419 legerat
1384 1371 1607 1410 versionem
1639 1370 1757 1410 LXX
1792 1370 1979 1411 Graecam

192 1428 256 1466 vel
296 1427 432 1467 saltem
474 1427 571 1466 alios
602 1434 758 1467 secutus
796 1432 867 1475 est,
907 1429 976 1480 qui
1017 1440 1102 1466 eam
1140 1428 1399 1478 inspexerant
1438 1428 1604 1478 (Mfiner
1633 1441 1672 1480 p.
1705 1428 1818 1480 957).
1877 1440 1978 1482 quos

195 1491 375 1523 auctores
415 1485 500 1534 ipse
542 1485 726 1524 habuerit
755 1484 928 1532 Tacitus,
970 1498 1049 1524 non
1093 1484 1189 1524 satis
1234 1485 1362 1537 liquet
1398 1485 1440 1523 in
1480 1490 1592 1524 tanta
1625 1485 1864 1536 scriptorum
1891 1497 1979 1524 sese

195 1542 518 1590 exscribentium,
548 1542 719 1592 plurium
742 1542 989 1581 narrationes
1010 1542 1125 1580 modo
1148 1542 1483 1592 permiscentium,
1514 1542 1629 1580 modo
1656 1542 1754 1581 mire
1783 1542 1826 1581 in
1855 1554 1977 1581 unum

195 1599 511 1637 contrahentium
543 1599 806 1638 multitudine.
866 1599 1059 1651 siquidem
1094 1598 1318 1638 Alexander
1356 1599 1460 1649 apud
1493 1600 1634 1637 Euseb.
1666 1598 1808 1651 Prsep.
1835 1610 1978 1649 evang.

196 1659 234 1703 9,
271 1656 318 1694 17
350 1656 469 1694 affert
489 1656 717 1695 testimonia
736 1669 788 1694 ex
808 1656 1040 1707 Eupolemo,
1061 1658 1277 1707 Artapano,
1299 1656 1510 1695 Cleodemo
1529 1655 1700 1707 aliisque
1719 1655 1978 1706 scriptoribus

195 1726 324 1751 rerum
355 1712 615 1751 Iudaicarum.
674 1714 725 1752 cf.
768 1713 909 1752 Iustini
950 1714 1066 1752 Mart.
1106 1713 1309 1752 Cohortat.
1347 1713 1396 1751 ad
1439 1718 1578 1761 gentes
1608 1715 1647 1752 9.
1687 1734 1741 1741 --
1782 1708 1976 1767 Solymos]

196 1770 342 1820 Lyciae
384 1770 584 1821 plerisque
624 1776 684 1809 est
713 1769 896 1821 populus,
937 1770 1109 1809 Pisidiae
1143 1769 1272 1808 Plinio
1306 1773 1342 1818 5,
1373 1773 1440 1818 94,
1470 1782 1586 1822 quem
1618 1769 1810 1822 populum
1838 1769 1977 1809 codem

194 1832 295 1865 teste
343 1829 503 1872 5,127
552 1840 639 1865 cum
684 1827 772 1866 aliis
817 1827 935 1866 Asiae
979 1826 1143 1866 minoris
1197 1827 1379 1866 interisse
1422 1827 1640 1866 tradiderat
1680 1827 1976 1867 Eratosthenes.

196 1884 314 1921 Clara
346 1883 568 1921 Iudaeorum
591 1886 704 1922 ini‘tm
737 1885 811 1923 hoc
833 1897 884 1923 ex
909 1879 1030 1938 μύθῳ
1052 1884 1158 1931 dicit,
1190 1885 1285 1936 quia
1304 1884 1410 1923 clara
1429 1884 1562 1922 omnia
1582 1884 1844 1952 habebantur,
1874 1896 1977 1937 quae

195 1940 392 1978 Homerus
423 1941 713 1986 celebraverat,
745 1941 944 1990 significat
973 1947 1103 1980 autem
1135 1941 1184 1980 Il.
1219 1941 1266 1988 Z,
1307 1944 1407 1980 184.
1449 1937 1646 1991 Δεύτερον
1675 1932 1727 1979 αὖ
1757 1937 1978 1990 Σολύμοισι

195 1993 393 2047 μαχήσατο
436 1996 722 2046 κυδαλίμοισιν.
782 1998 855 2037 Od.
894 2010 922 2046 ε,
967 2001 1072 2037 282:
1122 1994 1199 2036 Τόν
1242 1994 1282 2036 δ’
1330 1996 1369 2045 ἐξ
1410 1992 1628 2037 Αἰθιόπων
1668 1993 1795 2038 α’νιοῦν
1833 1996 1977 2050 κρείων

193 2052 412 2103 ἐνοσίχθων
464 2051 643 2104 Τηλόθεν
688 2053 730 2093 ἐκ
776 2051 971 2104 Σολύμων
1015 2050 1141 2105 ὀρέων
1187 2054 1280 2094 ἴδεν.
1354 2055 1504 2106 primus
1546 2068 1641 2094 vero
1680 2054 1862 2107 Solymos
1903 2067 1975 2107 pro

194 2111 350 2149 Iudaeis
383 2111 567 2150 habuisse
597 2112 755 2151 videtur
781 2113 986 2152 Choerilus
1016 2112 1170 2152 Samius
1199 2113 1250 2164 (a.
1282 2125 1315 2153 a.
1345 2113 1438 2152 Chr.
1470 2114 1565 2159 472,
1595 2118 1640 2151 ut
1667 2113 1756 2151 vult
1787 2111 1976 2160 Nsekius,

195 2169 622 2211 479—399.01int0n
646 2170 965 2209 FastiHellembe‘
992 2170 1045 2217 II,
1078 2183 1117 2220 p.
1150 2171 1230 2220 31).
1289 2170 1375 2208 eius
1398 2170 1614 2209 versiculos
1634 2170 1712 2209 huc
1731 2169 1979 2221 pertinentes

193 2226 366 2264 servavit
397 2226 589 2276 Iosephus
629 2233 766 2265 contra
796 2229 872 2277 Ap.
909 2230 942 2274 1,
976 2230 1043 2275 22,
1087 2227 1198 2266 Poet.
1229 2227 1329 2277 epic.
1361 2227 1422 2265 ed.
1452 2227 1609 2267 Duebn.
1640 2240 1679 2277 p.
1711 2230 1787 2265 24:
1825 2226 1913 2264 Τῶν
1942 2223 1978 2264 δ’

193 2277 339 2320 ὄπιθεν
360 2280 530 2331 διέβαινε
551 2281 664 2350 γένος
684 2279 921 2331 θαυμαστον
942 2281 1099 2322 ἰδέσθαι
1125 2284 1163 2321 Γ
1161 2285 1315 2321 λωσσαν
1335 2280 1407 2332 μὲν
1431 2282 1647 2322 Φοίνισσαν
1668 2278 1750 2322 «iud
1774 2278 1979 2333 στομάτων

195 2333 395 2386 αφιέντες·
418 2334 591 2378 ”stanton
612 2334 645 2378 δ’
668 2338 709 2378 ἔν
730 2336 929 2390 Σολύμοις
960 2335 1067 2390 ὄρεσι
1089 2338 1234 2395 πλατέῃ
1265 2335 1374 2391 παρὰ
1390 2341 1517 2405 λίμνῃ
1538 2335 1765 2391 Λύχμαλέοι
1792 2334 1980 2407 κορυφάς

195 2392 517 2445 τροχοκουράδες,
564 2392 694 2446 αύταρ
736 2393 916 2448 ὕπερθεν
947 2393 1114 2436 Ἵππων
1154 2381 1279 2449 δαρτᾶ
1319 2393 1498 2448 πρόσωπ’
1543 2394 1720 2448 ἐφόρουν
1762 2391 1979 2447 έσιιληιιότα

196 2453 344 2504 καπιῷ.
405 2455 470 2491 sed
503 2453 708 2493 Choerilus
749 2468 908 2507 quoque
950 2456 1117 2494 Iudaeos
1155 2468 1244 2494 cum
1276 2455 1541 2494 Phoenicibus
1572 2454 1763 2502 confudit,
1801 2454 1842 2493 id
1872 2454 1978 2507 quod

194 2509 364 2548 maxime
388 2517 552 2560 apparet
572 2524 622 2549 ex
644 2525 729 2550 voc.
751 2507 1083 2563 τροχοκουρᾶδες·
1111 2512 1257 2551 etenim
1279 2513 1321 2550 in
1342 2513 1476 2551 orbem
1499 2511 1606 2551 tonsi
1626 2517 1741 2551 erant
1760 2511 1980 2551 Phoenices

195 2572 235 2604 et
260 2568 421 2614 Arabes,
443 2580 522 2606 non
547 2568 695 2615 Iudaei,
718 2568 863 2621 quibus
883 2570 950 2609 hic
971 2582 1055 2608 mos
1075 2581 1213 2608 severe
1234 2569 1468 2609 interdictus
1488 2573 1583 2608 erat.
1621 2568 1789 2608 Levitis.
1813 2571 1877 2617 19,
1902 2567 1978 2608 27ι

200 2618 259 2660 Ού
289 2622 469 2672 ποιήσετε
500 2621 637 2674 σισόην
669 2623 711 2663 ἐκ
742 2627 809 2675 τῆς
839 2621 969 2676 κόμης
999 2627 1067 2675 τῆς
1097 2627 1271 2676 κεφαλῆς
1291 2619 1416 2676 ὑμῶν,
1446 2621 1540 2664 οὐδὲ
1563 2627 1748 2693 φθερεῖτε
1777 2638 1850 2675 την
1878 2618 1979 2674 ὄψιν

195 2680 265 2717 τοῦ
311 2694 503 2731 πωγωνος
544 2675 668 2730 ὑμῶν.
727 2691 862 2722 eontra
903 2683 1054 2731 λίμνην,
1094 2696 1212 2735 quam
1253 2688 1457 2731 memorat,
1501 2697 1573 2733 την
1607 2676 1854 2731 Ἀσφαλτῖτιν
1892 2693 1979 2722 esse

195 2743 361 2775 testatur
392 2738 585 2790 Iosephus
616 2739 639 2777 l.
673 2739 698 2778 l.
731 2745 772 2779 et
804 2740 996 2779 Eusebius
1028 2741 1211 2791 Praepar.
1252 2753 1392 2790 evang.
1424 2743 1464 2789 9,
1502 2743 1539 2779 9.
1580 2761 1638 2768 -
1679 2744 1852 2779 ceterum
1879 2737 1977 2779 iton

196 2794 244 2831 de
267 2794 424 2833 Iudaeis
446 2796 639 2844 cogitasse
658 2796 815 2835 videtur
836 2796 1009 2839 Quintus
1029 2797 1281 2849 Smyrnaeus,
1310 2809 1531 2836 memorans
1558 2790 1980 2848 2,122;’Δργαλέων

197 2846 392 2899 Σολύμων
434 2847 541 2899 ἱερόν
583 2848 759 2902 στρατόν.
820 2855 926 2894 inter
961 2856 1100 2905 poetas
1135 2854 1299 2894 Latinos
1341 2854 1416 2893 hoc
1446 2867 1531 2893 voc.
1573 2859 1740 2893 utuntur
1766 2852 1909 2893 laven.
1938 2854 1977 2899 8,

201 2910 303 2946 544:
337 2908 532 2958 Inter-pres
563 2910 689 2959 legum
720 2910 974 2960 Solymarum,
1006 2910 1176 2951 Martial.
1208 2911 1246 2959 7,
1278 2913 1342 2950 55.
1365 2933 1420 2940 —-
1439 2909 1721 2962 Hierosolyma]
1753 2909 1826 2949 hso
1853 2908 1981 2948 forms

196 2965 242 3001 sd
275 2978 311 3002 v.
343 2959 450 3029 [code
480 2978 503 3003 a
523 2965 683 3005 Graecis
705 2967 874 3014 detorta,
905 2974 949 3006 ut
969 2968 1213 3018 significaret
1236 2969 1354 3007 »urbs
1375 2980 1486 3007 sacra
1503 2968 1568 3007 vel
1589 2966 1777 3017 templum
1798 2964 1977 3018 Solymo·

196 3033 307 3058 rum<
314 3051 323 3066 ‚
366 3022 514 3070 primus
556 3036 648 3061 usus
690 3038 774 3062 esse
815 3025 972 3064 videtur
1022 3024 1244 3064 Hecataeus
1273 3025 1468 3064 Abderita
1508 3024 1612 3076 apud
1643 3022 1799 3073 Ioseph.
1840 3027 1980 3062 contra

199 3080 272 3128 Ap.
310 3082 341 3123 l,
374 3082 448 3125 22;
479 3080 676 3129 reperitur
706 3082 823 3119 etiam
855 3082 896 3120 in
928 3082 1031 3120 libro
1058 3081 1205 3121 Tobiae
1235 3087 1277 3121 et
1305 3082 1477 3122 secundo
1501 3080 1844 3128 Μαοοιδιοοηως
1875 3078 1978 3131 apud

196 3138 346 3172 ceteros
388 3135 503 3174 LXX
549 3143 609 3175 est
658 3130 930 3188 Ιερουσαλὴμ.
989 3139 1039 3178 of.
1081 3139 1227 3177 Maller
1271 3152 1311 3190 p.
1353 3141 1448 3177 949.
1513 3142 1555 3177 et
1592 3136 1831 3176 Aristoteles
1858 3136 1976 3203 „apud

197 3190 408 3239 Iosephum
441 3193 534 3240 1.1.,
567 3194 633 3245 qui
665 3194 742 3233 hoc
771 3195 906 3234 hausit
936 3207 987 3234 ex
1017 3195 1231 3235 Clearcho·
1261 3191 1304 3234 τό
1335 3191 1379 3234 δὲ
1408 3194 1478 3244 τῆς
1507 3189 1660 3240 πόλεως
1689 3189 1822 3232 αὐτῶν
1852 3188 1979 3244 ὄνομα

198 3242 306 3284 πάνυ
337 3245 493 3286 σκολιόν
524 3245 991 3302 ἕστιν·1ερουσαλη’μην
1022 3247 1095 3304 γάρ
1127 3248 1256 3302 αὐτὴν
1287 3251 1484 3291 καλοῦσιν.
