2176 3672
673 273 843 320 LIBER
870 277 945 320 1v.
1003 278 1104 332 Gap.
1136 278 1202 322 72.
1237 281 1303 323 73.
1337 281 1402 323 74.
1843 278 1924 324 521

149 401 318 444 semper
337 401 466 433 causa
485 389 709 434 Germanis
737 391 1068 434 transcendendi
1097 393 1138 434 in
1161 392 1336 447 Gallias,
1366 394 1496 437 libido
1525 399 1654 449 atque
1679 395 1863 438 avaritia
1882 400 1928 438 et

150 469 380 513 mutandae
409 469 524 512 sedis
553 455 685 523 amor,
716 475 763 512 ut
784 470 947 513 relictis
966 471 1193 524 paludibus
1223 478 1265 516 et
1281 473 1579 516 solitudinibus
1599 474 1691 517 suis
1709 473 1923 517 fecundis-

150 548 409 598 simumhoc
427 549 566 592 solum
584 561 746 604 vosque
766 551 885 603 ipsos
906 551 1184 604 possiderent.
1245 557 1433 596 ceterum
1464 553 1639 596 libertas
1668 558 1712 596 et
1731 554 1924 607 speciosa

149 628 323 672 nomina
350 632 683 682 praetexuntur;
714 642 792 673 nec
820 631 1042 684 quisquam
1074 631 1258 674 alienum
1289 633 1508 675 servitium
1529 637 1573 676 et
1593 633 1925 676 dominationem

151 707 236 752 sibi
263 708 522 762 concupivit,
554 713 603 752 ut
632 722 715 751 non
746 710 894 752 eadem
924 711 1009 752 ista
1029 711 1233 754 vocabula
1261 717 1499 766 usurparet.
1530 712 1623 765 (74)
1644 724 1776 766 regna
1794 711 1962 755 bella-5

151 800 237 843 que
263 800 345 843 per
373 787 539 831 Gallias
569 801 740 842 semper
768 788 900 840 fuere,
931 791 1064 833 donec
1093 792 1135 833 in
1166 798 1356 834 nostrum
1387 793 1454 834 ius
1484 792 1784 835 concederetis.
1833 804 1927 843 nos,

150 880 393 923 quanquam
415 868 576 911 totiens
595 869 796 922 lacessiti,
825 870 917 912 iure
947 870 1150 913 victoriae
1179 871 1223 912 id
1245 871 1379 913 solum
1410 869 1529 913 vobis
1558 871 1814 923 addidimus,
1843 884 1928 926 quo

150 958 300 1003 pacem
329 951 571 991 tueremur:
602 961 700 990 nam
730 961 866 1002 neque
897 950 1017 1003 quies
1037 951 1224 1003 gentium
1256 950 1347 994 sine
1376 950 1507 992 armis
1528 963 1664 1004 neque
1696 963 1816 992 arma
1836 951 1927 993 sine

153 1027 381 1082 stipendiis
400 1039 537 1081 neque
559 1027 774 1082 stipendia
793 1029 883 1071 sine
904 1027 1076 1071 tributis
1105 1029 1250 1072 haberi
1279 1034 1450 1083 queunt.
1481 1034 1624 1072 cetera
1643 1030 1686 1071 in
1716 1029 1928 1071 communi

151 1106 239 1151 sita
256 1110 382 1150 sunt:
410 1107 496 1161 ipsi
516 1108 769 1162 plerumque
788 1108 1027 1162 legionibus
1048 1110 1207 1151 nostris
1227 1109 1498 1162 praesidetis,
1527 1109 1611 1161 ipsi
1639 1108 1717 1150 has
1738 1107 1928 1161 aliasque
1946 1123 1986 1152 ιο

154 1183 398 1239 provincias
426 1185 598 1239 regitis;
630 1186 732 1228 nihil
765 1190 1010 1239 separatum
1033 1186 1290 1229 clausumve.
1322 1191 1366 1229 et
1396 1186 1666 1229 laudatorum
1686 1187 1927 1240 principum

152 1274 257 1308 usus
285 1276 340 1308 ex
358 1276 507 1318 aequ0‚
538 1265 732 1319 quamvis
762 1265 910 1318 procul
931 1265 1178 1319 agentibus:
1210 1267 1327 1308 saevi
1356 1266 1560 1319 proximis
1588 1266 1803 1320 ingruunt.
1844 1278 1928 1320 quo

153 1344 280 1388 modo
309 1344 582 1387 sterilitatem
614 1350 690 1387 aut
718 1345 874 1388 nimios
903 1345 1061 1388 imbres
1091 1350 1136 1388 et
1156 1350 1298 1388 cetera
1327 1350 1506 1388 naturae
1536 1345 1662 1398 mala,
1692 1345 1755 1387 ita
1783 1345 1926 1387 luxum

152 1422 223 1467 vel
251 1423 481 1467 avaritiam
521 1425 830 1467 dominantium
871 1424 1065 1467 tolerate.
1124 1425 1230 1466 vitia
1269 1429 1405 1475 erunt,
1446 1425 1579 1467 donec
1608 1423 1823 1476 homines;
1853 1424 1929 1466 sed

155 1515 294 1558 neque
312 1502 422 1547 haec
441 1504 657 1557 continua,
687 1508 733 1547 et
752 1504 972 1547 meliorum
993 1504 1239 1547 interventu
1259 1508 1505 1557 pensantur.
1534 1503 1616 1545 nisi
1635 1501 1747 1545 forte
1767 1502 1928 1545 Tutore
1945 1515 1984 1543 ιε»

155 1586 201 1625 et
238 1581 428 1626 Classico
466 1583 747 1637 regnantibus
787 1583 1053 1626 moderatius
1091 1583 1316 1636 imperium
1347 1581 1545 1635 speratis,
1583 1586 1660 1623 aut
1697 1580 1929 1623 minoribus

154 1675 282 1717 quam
310 1674 424 1706 nunc
453 1662 626 1706 tributis
666 1662 934 1716 parabuntur
963 1662 1186 1709 exercitus,
1229 1661 1382 1715 quibus
1412 1659 1614 1703 Germani
1654 1661 1930 1714 Britannique

154 1746 396 1787 arceantur.
456 1756 556 1787 nam
585 1743 735 1797 pulsis,
766 1743 883 1796 quod
912 1743 973 1785 dii
1001 1740 1268 1796 prohibeant,
1298 1740 1500 1782 Romanis
1525 1740 1628 1793 quid
1657 1739 1774 1782 aliud
1803 1751 1929 1793 quam

154 1821 269 1866 bella
295 1821 484 1865 omnium
514 1821 627 1864 inter
646 1833 694 1863 se
714 1820 905 1874 gentium
929 1820 1146 1863 existent?
1175 1820 1513 1873 octingentorum
1534 1831 1739 1861 annorum
1761 1818 1931 1861 fortuna

156 1901 470 1956 disciplinaque
491 1912 718 1954 compages
739 1899 845 1943 haec
874 1899 1047 1952 coaluit,
1078 1911 1186 1953 quae
1208 1898 1385 1941 convelli
1416 1898 1507 1941 sine
1537 1898 1666 1940 exitio
1696 1897 1930 1940 convellen-
1944 1909 1987 1939 20

157 1982 267 2025 tium
296 1993 382 2025 non
411 1985 568 2034 potest.
629 1981 707 2023 sed
735 1979 856 2022 vobis
885 1979 1113 2021 maximum
1143 1978 1383 2031 discrimen,
1413 1990 1543 2031 penes
1573 1989 1680 2031 quos
1708 1989 1855 2018 aurum
1886 1981 1931 2019 et

155 2074 275 2116 opes,
303 2061 560 2116 praecipuae
587 2059 795 2103 bellorum
825 2070 992 2101 causae.
1022 2059 1200 2112 proinde
1229 2068 1374 2111 pacem
1406 2063 1450 2100 et
1479 2055 1643 2108 urbem,
1671 2068 1798 2109 quam
1829 2055 1928 2098 victi

293 2209 378 2253 9110
401 2209 550 2240 οδιιιιιιιὶιι
573 2208 625 2239 Ita
741 2210 781 2239 11
808 2208 909 2239 nichil
1027 2210 1067 2239 1‘1
1093 2207 1284 2245 brittanniq3
1403 2207 1444 2236 18
1468 2205 1556 2244 pulsi

157 2350 222 2380 hae
269 2348 376 2380 forma
417 2347 521 2378 utitur
555 2346 654 2377 etiam
692 2347 725 2386 3,
759 2347 801 2377 52
839 2351 872 2377 et
910 2347 942 2384 5,
981 2339 1253 2385 13.Ιοῖμνηστίαν
1267 2344 1381 2374 suadet
1398 2346 1470 2382 post
1486 2342 1617 2372 eaedem
1631 2340 1782 2372 Casu-is
1798 2342 1929 2380 44,32:

158 2423 204 2430 —
253 2403 503 2437 monandi
543 2404 578 2433 in
611 2400 755 2446 Galliae]
801 2404 927 2442 poetice
972 2395 1157 2441 pro‘n‘iore
1181 2397 1222 2432 τὰ
1259 2398 1318 2440 μὲν
1350 2397 1554 2441 γεγενημένα
1588 2395 1741 2440 χαλάζης
1775 2395 1813 2428 τέ
1845 2406 1931 2431 τινος

156 2462 356 2500 mse-adi,
392 2465 429 2493 ut
461 2462 494 2500 5,
522 2462 564 2491 24
592 2463 624 2490 et
656 2462 743 2490 Anu.
778 2462 811 2500 4,
842 2462 886 2491 44
916 2460 1033 2498 flumen
1066 2455 1124 2489 καὶ
1148 2453 1386 2496 κατακλυσμοῦ
1420 2452 1540 2495 τρόπον
1573 2452 1821 2497 συμβεβηκέναι
1843 2452 1930 2494 νομί-

162 2518 271 2550 Albi-
309 2517 526 2556 mand&
567 2517 683 2548 Livius
718 2517 794 2556 opit.
822 2519 886 2548 105
911 2509 1185 2549 Οαωανῖσαντες
1220 2508 1310 2554 λήξῃ
1346 2508 1524 2551 παράδοτε.
1560 2512 1654 2542 ΙᾸΡΒ.
1693 2527 1735 2533 -
1765 2519 1931 2550 eoi-upupa

159 2576 299 2608 m
320 2575 527 2606 transcendit.
567 2592 613 2598 —
641 2570 856 2615 possiderent]
881 2572 965 2603 refer
989 2572 1031 2602 ad
1048 2569 1155 2621 haec]
1188 2570 1235 2599 sic
1259 2568 1424 2598 Iuvenalis
1449 2568 1488 2598 de
1513 2567 1683 2604 Caligulae
1709 2567 1873 2597 furoribus
1898 2569 1930 2606 6,

154 2632 303 2673 maudo,
326 2642 394 2663 non
411 2631 576 2672 possideo.
606 2649 645 2655 -
684 2640 741 2662 noc
764 2638 932 2668 qumquam
956 2623 1049 2667 etc]
1068 2629 1151 2659 618:
1200 2624 1368 2656 Ardebant
1408 2628 1521 2654 cuncta
1558 2628 1587 2653 ee
1626 2623 1743 2661 fracta
1780 2633 1930 2663 eonpaqs

161 2699 263 2730 ugo,
300 2689 388 2730 quod
413 2689 600 2728 vituperat,
635 2689 668 2718 in
705 2687 870 2717 Romanos
904 2694 1031 2724 quoque
1066 2683 1208 2714 mebant.
1247 2699 1288 2704 -—
1324 2680 1459 2711 convelli
1479 2690 1546 2711 rme
1569 2680 1664 2711 caen'tw
1693 2678 1931 2711 convellens-'n-

162 2746 262 2788 eadit,
285 2755 484 2785 quamquam
508 2749 671 2775 oratorem
696 2744 811 2774 fallere
835 2743 975 2772 videtur.
1066 2749 1129 2770 non
1149 2735 1265 2781 potest]
1292 2737 1485 2767 Plutarchus
1510 2737 1550 2767 de
1577 2736 1666 2767 Fort.
1693 2737 1786 2767 Rom.
1812 2737 1929 2767 317⁸.

209 2804 265 2835 ⁰14.
300 2801 499 2842 addidimus]
527 2802 658 2832 »oneris
675 2800 903 2839 imposuimus,
920 2798 1032 2828 durius
1068 2792 1085 2828 ὁ
1121 2793 1183 2836 τήν
1221 2789 1361 2835 Ῥωμην
1397 2789 1647 2835 υποβαλόμενος
1689 2790 1808 2836 χρόνος
1844 2789 1928 2833 μετὰ

162 2860 197 2892 in
234 2869 298 2891 vos
335 2860 542 2897 statuimus«,
582 2862 619 2889 ut
652 2858 748 2894 virg.
783 2858 866 2886 Aen.
903 2857 934 2891 6,
969 2855 1029 2885 90:
1068 2850 1147 2884 :eoo
1172 2848 1276 2893 τύχην
1300 2848 1358 2882 καὶ
1381 2846 1505 2890 α’ρετῆν
1531 2847 1672 2889 ἐκέρασε
1697 2847 1754 2881 καὶ
1779 2847 1927 2887 συνέζευ·

167 2917 300 2949 ruore·
334 2916 452 2947 addita
487 2915 581 2952 Iuno,
616 2914 668 2945 cui
704 2916 897 2952 comparant
931 2911 1031 2950 Soph.
1069 2909 1133 2947 ξεν,
1157 2906 1210 2939 ἵνα
1235 2904 1395 2946 ἑκατέρας
1413 2903 1524 2948 λαβὼν
1540 2903 1578 2938 τὸ
1597 2903 1717 2937 οἰκεῖον
1734 2900 1930 2945 ἀπεργάση-

165 2974 256 3005 Aine.
275 2974 360 3005 ⁶10:
387 2967 538 3012 ξύνεστιν
563 2968 716 3013 ἔφεδρος.
739 2970 781 3000 cf.
797 2969 924 2999 Platon.
944 2968 1031 3007 spol.
1068 2976 1120 2997 ται
1144 2963 1244 2996 πᾶσιν
1262 2959 1450 3002 &moditate
1474 2960 1585 2994 ἑστίαν
1602 2958 1693 3002 ἱερὰν
1721 2956 1768 2996 ὦς
1791 2956 1932 3000 dinsa<

165 3032 237 3063 ⁸00
260 3031 355 3064 δοκεῖ
369 3025 387 3062 ὅ
404 3026 487 3066 525<
502 3025 564 3070 ἐμὲ
579 3026 623 3070 τῇ
640 3022 738 3059 πόλει
753 3021 1032 3067 προςτεΰεικέναι.
1070 3020 1128 3054 καὶ
1153 3015 1363 3060 όνησιδιόραν
1388 3016 1447 3050 καὶ
1470 3021 1597 3059 πεῖσμα
1614 3014 1751 3057 μόνιμον
1769 3014 1828 3048 καὶ
1846 3025 1931 3048 στοι-

165 3105 210 3112 —
244 3096 306 3126 quo
328 3086 422 3118 nodo
457 3081 667 3126 aarum]
708 3084 832 3114 Seneca
857 3081 896 3111 ds
921 3080 1035 3113 Const.
1070 3089 1156 3122 χειον
1191 3072 1308 3115 ἀΐδιον,
1343 3070 1603 3116 ιῖποφερομένοις
1635 3075 1704 3109 τοῖς
1738 3070 1931 3114 πράγμασιν

166 3152 239 3184 sap.
270 3145 312 3176 οι
349 3142 466 3173 Omnia
499 3143 597 3182 ἐρίων·
628 3141 676 3172 eie
707 3139 841 3179 pam-tr.
866 3135 1036 3179 (sapiens),
1069 3131 1313 3177 ἀγκυρηβόλιον
1354 3129 1456 3164 σάλου
1495 3130 1554 3162 καὶ
1591 3127 1729 3169 πλάνης,
1765 3139 1814 3165 ως
1846 3138 1933 3170 φησι

164 3200 334 3233 ahio-nce
355 3199 494 3240 riom-ea
527 3204 557 3231 et
587 3196 860 3238 intemperantiam
885 3193 979 3233 caeli,
1001 3195 1036 3222 ut
1070 3188 1288 3232 Δημόκριτος.
1331 3206 1372 3212 -
1412 3197 1505 3227 opes,
1548 3186 1744 3227 praecipuae
1781 3183 1931 3215 bellom

159 3257 314 3296 sermo
335 3257 521 3297 morboque
556 3261 587 3288 σε
608 3260 713 3286 edera
727 3254 821 3293 sorte
844 3249 1033 3281 accidentia.
1071 3244 1200 3290 causae]
1225 3247 1265 3276 ef.
1284 3246 1415 3277 Platon.
1431 3243 1588 3274 Phaedon
1614 3242 1683 3273 ecc
1707 3238 1764 3275 διὰ
1789 3239 1854 3283 γὰρ
1871 3238 1932 3281 τὴν

167 3321 200 3350 et
222 3317 288 3350 Dio
312 3318 505 3351 Ciceronem
530 3316 575 3345 ita
598 3314 786 3352 loquentem
812 3310 945 3348 inducit,
982 3307 1036 3337 ubi
1070 3306 1136 3338 τῶν
1176 3299 1358 3347 χρημάτων
1408 3299 1528 3341 κτῆσιν
1566 3295 1687 3335 πάντες
1725 3296 1756 3331 οἱ
1794 3294 1934 3339 πόλεμοι

268 3373 372 3400 raum·
398 3373 424 3399 ιι
1608 3357 1662 3395 34
