2176 3672
612 296 784 341 LIBER
812 295 882 342 IV.
944 297 1045 353 Cap.
1080 298 1144 342 15.
1178 301 1242 343 16.
1276 298 1340 343 17.
1375 300 1439 344 18.
1827 298 1912 345 473

137 404 432 464 transfugeret
461 415 538 454 aut
566 417 801 466 caperetur.
846 412 937 467 (17)
967 412 1082 455 clara
1112 426 1163 457 ea
1191 415 1368 458 victoria
1397 416 1440 458 in
1460 427 1676 469 praesens,
1704 417 1748 459 in
1768 420 1911 470 poste-

136 499 232 535 mm
261 492 381 543 usui3
411 505 613 547 armaque
642 499 687 538 et
714 506 859 546 naves,
889 494 1042 548 quibus
1061 494 1320 549 indigebant,
1350 496 1495 550 adepti
1524 509 1677 550 magna
1706 508 1785 550 per
1804 494 1911 538 Ger-

136 571 577 627 manias-Galliasque
598 558 712 616 fama
731 574 944 618 libertatis
964 578 1161 618 auctores
1181 575 1511 618 celebrabantur.
1543 575 1798 619 Germaniae
1817 580 1908 619 sta-

135 651 213 694 tim
242 651 398 695 misere
427 653 592 708 legatos
622 654 782 697 auxilia
810 653 1059 698 offerentes:
1099 654 1332 698 Galliarum
1364 656 1610 699 societatem
1642 656 1788 700 Civilis
1817 660 1911 700 arte

135 731 343 787 donisque
372 732 631 786 adfectabat,
662 739 812 788 captos
832 734 1069 778 cohortium
1090 735 1331 789 praefectos
1362 749 1464 779 suas
1484 737 1526 778 in
1549 737 1744 779 civitates
1763 736 1911 779 remit·
1924 752 1944 781 ο

133 813 279 866 tendo,
308 814 567 868 cohortibus,
597 815 716 858 abire
745 828 799 858 an
820 828 991 859 manere
1011 816 1197 869 mallent,
1227 817 1329 859 data
1349 820 1580 870 potestate.
1640 814 1911 859 manentibus

135 890 344 936 honorata
373 894 538 948 militia,
570 894 907 949 digredientibus
945 895 1080 948 spolia
1109 896 1392 939 Romanorum
1433 895 1727 938 offerebantur.
1786 895 1911 938 simul

136 969 314 1012 secretis
333 972 599 1014 sermonibus
620 973 876 1016 admonebat
896 974 1117 1027 malorum,
1138 987 1247 1028 quae
1268 979 1334 1018 tot
1352 976 1476 1018 annis
1496 975 1689 1030 perpessi
1710 975 1909 1018 miseram

135 1049 383 1092 servitutem
427 1050 534 1094 falso
573 1064 720 1106 pacem
750 1059 960 1096 vocarent.
1026 1054 1249 1106 »Batavos‚
1281 1068 1519 1110 quanquam
1551 1055 1806 1098 tributorum
1837 1067 1909 1098 ex-

137 1133 296 1182 pertes,
325 1143 445 1173 arma
475 1136 622 1175 contra
652 1145 896 1176 communes
925 1135 1118 1177 dominos
1148 1136 1326 1189 cepisse.
1385 1137 1524 1189 prima
1553 1136 1645 1178 acie
1674 1134 1815 1178 fusum
1845 1136 1908 1177 vi-
1927 1153 1967 1184 10

136 1216 337 1264 ctumque
365 1210 613 1254 Romanum.
673 1213 776 1265 quid
806 1214 843 1256 si
873 1211 1038 1256 Galliae
1067 1215 1212 1269 iugum
1243 1216 1432 1258 exuant?
1474 1219 1681 1269 quantum
1710 1216 1753 1257 in
1784 1215 1910 1258 Italia

135 1289 342 1344 reliquum
355 1291 376 1331 ‘?
396 1292 707 1344 provinciarum
731 1293 936 1347 sanguine
952 1294 1192 1347 provincias
1212 1294 1334 1336 vinci.
1366 1307 1420 1336 ne
1440 1294 1628 1337 Vindicis
1643 1295 1778 1337 aciem
1797 1295 1909 1348 cogi-

134 1372 300 1413 tarent:
331 1369 496 1413 Batavo
526 1372 669 1425 equite
688 1373 896 1425 protritos
917 1374 1090 1416 Aeduos
1111 1375 1430 1428 Arvernosque;
1460 1374 1593 1417 fuisse
1623 1375 1737 1418 inter
1757 1374 1908 1428 Vergi-

133 1449 196 1492 nii
209 1449 369 1492 anxilia
383 1449 552 1504 Belgas,
567 1463 751 1504 vereque
766 1453 1064 1506 reputantibus
1082 1452 1263 1495 Galliam
1280 1454 1460 1496 suismet
1479 1453 1640 1497 viribus
1660 1454 1907 1497 concidisse.

132 1541 246 1573 nunc
275 1531 446 1574 easdem
476 1531 664 1573 omnium
694 1536 854 1584 partes,
886 1532 1046 1585 addim,
1078 1533 1115 1574 si
1144 1533 1247 1586 quid
1267 1532 1466 1575 militaris
1488 1533 1737 1586 disciplinae
1767 1535 1810 1576 in
1839 1545 1908 1576 ca·
1923 1549 1964 1579 15

132 1610 236 1654 stris
264 1610 551 1653 Romanorum
572 1612 767 1665 viguerit.
829 1623 922 1654 esse
951 1623 1093 1655 secum
1114 1616 1340 1655 veteranas
1360 1612 1570 1665 cohortes,
1599 1613 1752 1666 quibus
1771 1625 1909 1667 nuper

133 1689 313 1734 Othonis
341 1690 530 1746 legiones
550 1691 862 1745 procubuerint.
924 1693 1132 1735 servirent
1152 1692 1275 1746 Syria
1295 1693 1483 1746 Asiaque
1505 1698 1549 1736 et
1569 1697 1717 1736 suetus
1737 1693 1907 1747 regibus

135 1770 312 1814 Oriens:
342 1770 501 1814 multos
531 1771 671 1814 adhuc
700 1772 745 1814 in
767 1770 907 1814 Gallia
928 1772 1071 1815 vivere
1100 1777 1199 1815 ante
1221 1772 1383 1815 tributa
1402 1774 1580 1826 genitos.
1639 1784 1773 1826 nuper
1793 1776 1908 1815 certe

133 1836 258 1896 caeso
288 1851 492 1903 Quintilio
513 1851 629 1894 Varo
659 1851 827 1905 pulsam
859 1865 883 1895 e
913 1851 1144 1895 Germania
1163 1853 1429 1906 servitutem,
1458 1865 1535 1895 nec
1556 1853 1769 1895 Vitellium
1790 1853 1904 1905 prin-

123 1931 270 1986 ·cipem
290 1933 367 1975 sed
388 1931 613 1976 Caesarem
629 1935 869 1986 Augustum
892 1932 1001 1975 bello
1020 1938 1307 1986 provocatum.
1339 1933 1579 1976 libertatem
1601 1937 1756 1975 natura
1776 1933 1903 1975 etiam
1919 1938 1961 1968 20

270 2060 288 2090 1
312 2067 450 2098 presens
544 2062 564 2090 3
591 2058 745 2089 Germani
764 2059 865 2090 Rider
958 2061 1001 2090 14
1026 2058 1151 2090 Gallias
1175 2059 1281 2090 Πρω-ιιι
1374 2062 1414 2091 15
1432 2060 1604 2097 discipline
1699 2061 1739 2090 16
1757 2059 1906 2097 uigueret

132 2102 232 2146 (eon.
257 2103 335 2144 ln.)
456 2106 495 2135 17
521 2105 602 2135 siria
625 2114 750 2145 asyaq3
868 2107 909 2136 18
933 2106 1052 2144 gallias
1085 2104 1117 2148 (s
1149 2105 1211 2137 del.
1239 2104 1314 2147 lm.)
1350 2102 1484 2148 (Galliis
1517 2103 1634 2140 ΨΜ)
1746 2101 1837 2147 ante]
1861 2113 1903 2134 an

134 2146 266 2193 [nuper]
289 2149 457 2181 Pramum-
549 2151 593 2181 20
618 2160 763 2182 cesarem
878 2154 996 2181 natura
1031 2152 1154 2192 (notan
1186 2151 1247 2182 del.
1285 2153 1362 2189 lm.)

183 2275 238 2306 1‘1.
260 2273 419 2305 honorata
443 2271 573 2316 militia]
608 2277 639 2313 1,
663 2275 704 2305 8?
724 2274 822 2313 sacta
845 2279 874 2305 et
897 2276 1007 2305 ceteris
1042 2285 1157 2306 vorum
1182 2276 1291 2306 insula
1306 2276 1496 2306 servitutem
1514 2276 1654 2314 pellant3
1680 2284 1800 2314 easque
1816 2275 1903 2305 vires

132 2340 187 2371 ape
207 2329 425 2362 honoratas-is
447 2332 480 2361 in
500 2335 663 2370 posterum
680 2331 825 2363 militiae.
842 2349 887 2354 —
911 2332 1005 2361 cervi·
1040 2337 1152 2363 auctas
1173 2333 1259 2370 ideo,
1284 2333 1370 2371 quod
1404 2333 1467 2362 iam
1491 2333 1671 2363 Romanam
1694 2331 1902 2371 disciplinam

133 2386 330 2427 masal-90
343 2397 455 2427 pacem
470 2386 634 2431 vocarent]
661 2389 849 2426 Agrie.30:
875 2388 1003 2426 auferre
1038 2389 1267 2421 addidicerint.
1302 2407 1347 2412 —
1383 2388 1621 2428 procubuerant]
1647 2388 1722 2418 vide
1747 2389 1777 2425 2,
1801 2390 1845 2419 4³
1869 2392 1904 2419 et

132 2443 296 2476 moedau-e
329 2454 446 2485 rapere
486 2444 584 2481 falsie
619 2445 794 2475 nominibus
827 2445 1002 2484 imperium,
1039 2447 1094 2478 66.
1111 2465 1155 2470 -
1178 2446 1292 2477 multos
1306 2446 1461 2476 adhuein
1478 2445 1590 2476 Gallia
1605 2441 1720 2488 vivae]
1749 2454 1902 2475 »censum

132 2506 227 2540 atqu
247 2501 305 2532 ubi
320 2502 520 2533 solitudinem
538 2501 679 2541 faciunt,
697 2512 813 2542 pacem
827 2502 1002 2542 appellant.
1038 2503 1220 2534 Galliarum
1234 2505 1404 2540 Augustus
1419 2503 1593 2542 septimum
1609 2502 1724 2533 consul
1736 2510 1766 2532 a.
1778 2510 1811 2532 ιι.
1823 2502 1900 2532 ⁷27.

131 2559 274 2599 Appian-
308 2559 419 2591 Samn.
448 2560 488 2590 10
527 2557 588 2590 καὶ
619 2556 727 2591 ταῦτά
751 2568 836 2595 τινες
869 2557 1002 2600 εἰρήνην
1037 2561 1232 2591 instituerat.
1280 2561 1337 2591 sed
1381 2559 1496 2591 Civilis
1540 2559 1724 2597 intelligere
1770 2558 1901 2588 videtur

129 2609 205 2649 ἀντὶ
227 2613 381 2652 δουλείας
404 2615 572 2656 τολμῶσιν
596 2611 782 2656 ὀνομάζειν.
805 2633 849 2638 -
874 2616 1001 2646 Batavo
1037 2618 1160 2648 tributa
1182 2627 1202 2647 a
1227 2617 1310 2648 Iulio
1335 2617 1476 2649 Caesare
1508 2616 1668 2655 imperata
1697 2619 1774 2645 ante
1798 2614 1899 2646 CXX.

131 2671 244 2713 equite]
281 2673 368 2703 inter
405 2673 626 2703 Romanorum
662 2673 776 2712 copias
814 2673 999 2704 auxiliares.
1034 2674 1103 2705 fere
1138 2683 1263 2713 annos,
1301 2683 1381 2711 quos
1416 2658 1576 2711 attingere
1610 2675 1717 2711 potest
1750 2675 1899 2702 senectus

130 2746 174 2753 —-
222 2727 366 2772 Aeduos]
423 2739 505 2769 quos
550 2731 674 2766 fratres
720 2734 846 2761 nostros
904 2735 1001 2760 vocat
1034 2731 1144 2762 felix.‹
1184 2731 1320 2761 Durum.
1375 2730 1417 2760 cf.
1441 2729 1506 2758 Dio
1531 2729 1586 2766 53,
1619 2730 1661 2759 22
1697 2729 1739 2759 de
1774 2728 1899 2759 Gallia:

130 2785 246 2818 Cicero
280 2787 321 2817 ad
345 2788 415 2821 Att.
456 2789 486 2825 1,
515 2788 567 2818 19.
608 2787 700 2818 Fam.
726 2789 758 2824 7,
784 2788 838 2818 10.
879 2787 999 2818 Caesar
1034 2785 1092 2820 καὶ
1115 2783 1226 2819 αὐτῶν
1249 2785 1306 2818 καὶ
1330 2781 1530 2826 ἀπογραφὰς
1552 2781 1733 2825 ἐποιήσατο
1761 2781 1820 2816 καὶ
1842 2780 1900 2817 τᾶν

130 2842 169 2873 Β.
195 2842 236 2875 G.
263 2845 295 2882 1,
322 2845 375 2875 11.
400 2844 487 2874 Ann.
520 2845 575 2882 11,
601 2845 654 2874 25.
692 2844 788 2874 hodie
812 2844 997 2883 Bomyoyne
1034 2842 1103 2887 βίον
1137 2841 1200 2884 τήν
1234 2853 1270 2875 τε
1295 2840 1459 2874 πολιτείαν
1492 2838 1713 2882 διεκόσμησε.
1761 2840 1819 2871 sed
1843 2840 1898 2871 vel

131 2905 166 2930 et
178 2897 359 2932 Nives-noia.
378 2917 421 2923 —
438 2898 671 2943 Arvmwsque]
693 2901 851 2940 populum
869 2899 998 2931 Galliae
1033 2901 1070 2938 ii,
1093 2901 1147 2939 qui
1164 2900 1350 2930 meminisse
1366 2901 1517 2937 poterant
1532 2898 1671 2928 instituti
1687 2897 1730 2928 ab
1747 2899 1898 2936 Angusto

133 2955 364 2997 Aquitanicae,
387 2958 421 2988 h.
438 2958 615 2997 Auveryme.
652 2958 806 2990 Cevenna
829 2961 939 2988 monte
955 2956 996 2987 ab
1032 2966 1149 2987 census
1173 2961 1247 2986 ante
1271 2957 1356 2985 hunc
1379 2955 1492 2994 geniti,
1517 2964 1546 2984 a.
1570 2955 1648 2985 823.
1673 2953 1843 2984 minimum
1869 2952 1896 2983 C

132 3011 263 3043 Helviis
295 3012 430 3045 disclusi
465 3020 570 3047 erant.
621 3014 741 3045 Caesar
775 3015 814 3045 B.
841 3013 880 3043 G.
908 3016 939 3051 7,
964 3016 995 3044 8.
1032 3022 1136 3044 annos
1161 3013 1228 3043 nati
1252 3021 1322 3042 esse
1346 3011 1526 3042 debebant:
1552 3015 1650 3049 atque
1675 3011 1806 3040 omnino
1823 3010 1897 3048 quia

133 3067 353 3100 walchen-m
374 3071 399 3101 1.
423 3081 455 3111 p.
481 3073 561 3104 339.
594 3090 638 3095 —
672 3070 900 3112 reputantibus]
940 3071 997 3101 da·
1033 3071 1064 3100 in
1094 3071 1144 3101 his
1169 3079 1234 3099 non
1258 3068 1413 3107 perspicit
1445 3067 1645 3107 hyperbolen
1675 3066 1896 3097 rhetoricam?

131 3126 239 3166 tivus3
265 3126 315 3157 »si
338 3126 412 3165 quis
427 3138 508 3167 rem,
532 3133 569 3160 nt
585 3134 647 3169 est,
672 3132 843 3168 reputet«>
858 3128 995 3158 Dones.
1034 3137 1182 3166 —nuper
1197 3125 1288 3165 certe]
1306 3124 1479 3154 »nimirum
1497 3129 1531 3154 ut
1548 3123 1650 3154 multo
1666 3127 1741 3162 post
1752 3122 1896 3154 Galliam

132 3201 174 3206 —
201 3182 328 3213 sufem
348 3183 479 3225 muzus]
503 3186 620 3218 Horat.
644 3186 749 3225 Epod.
778 3186 830 3224 16,
855 3186 895 3214 2:
922 3184 996 3214 Suis
1030 3183 1206 3219 subactam,
1218 3190 1413 3220 quamquam
1432 3184 1507 3211 ante
1519 3179 1579 3210 Lx
1591 3188 1727 3210 annos.‹
1758 3180 1894 3210 Dmu.

131 3240 258 3280 etipsa
288 3239 390 3270 Roma
420 3240 540 3272 vir-'bue
574 3243 648 3276 ruit.
684 3260 729 3266 —
768 3253 850 3273 nunc
873 3241 996 3272 cardo»
1032 3241 1098 3272 Cic.
1124 3244 1193 3271 nat.
1218 3240 1248 3269 d.
1275 3239 1307 3276 2,
1332 3240 1375 3269 50
1399 3235 1494 3280 (126)
1526 3247 1575 3274 ω,
1614 3246 1694 3275 qaae
1729 3246 1837 3275 suaper,
1860 3236 1898 3266 id

130 3298 268 3328 mm
285 3295 412 3337 ΝΜ]
449 3298 484 3329 ἰὰ
514 3308 615 3331 unum
648 3300 770 3339 requiri
806 3304 902 3337 atque
930 3299 996 3337 agi,
1031 3301 1077 3327 eet
1104 3296 1221 3335 paucio
1252 3299 1323 3325 ante
1357 3293 1508 3329 accendis,
1542 3291 1731 3323 πεδίων-αι
1763 3292 1895 3332 aquatis

130 3358 167 3385 ut
190 3354 309 3385 iunctis
333 3353 462 3385 viribus
497 3363 610 3387 omues
644 3360 759 3395 gentes
791 3355 941 3386 Gallicae
966 3359 998 3384 et
1031 3358 1156 3393 reperta
1180 3357 1262 3384 aurat.
1298 3350 1411 3381 Livius
1434 3349 1536 3389 praef.
1572 3352 1612 3381 12
1642 3359 1741 3389 νηφα-
1764 3348 1894 3380 divitiae

131 3411 289 3443 Germani
311 3411 455 3450 accolae,
478 3421 544 3442 nna
566 3411 639 3450 nisi,
664 3422 682 3443 e
704 3412 816 3444 Gallia
838 3422 876 3443 ae
901 3412 997 3441 Bata-
1031 3410 1207 3440 avar-&iam
1233 3427 1277 3433 —
1300 3408 1454 3445 ivmmm,
1491 3406 1547 3437 nbi
1581 3406 1656 3436 vide
1690 3406 1894 3444 interpretes.

233 3466 344 3492 ΜΝ*-
362 3466 399 3500 Πό
1570 3464 1619 3502 31
