2176 3672
710 308 883 352 LmER
910 309 966 351 11.
1026 307 1126 362 Cap.
1158 308 1224 352 92.
1255 307 1323 350 93.
1354 307 1422 350 94.
1863 302 1947 347 383

179 428 224 471 in
252 426 403 482 volgus
430 427 605 477 mortes,
635 427 678 467 et
706 423 926 466 adiacente
945 422 1087 466 Tiberi
1108 421 1413 465 Germanorum
1434 420 1740 475 Gallorumque
1768 419 1951 463 obnoxia

179 506 339 551 morbis
378 518 556 560 corpora
595 503 782 548 fluminis
819 503 1025 547 aviditate
1064 506 1109 547 et
1143 507 1290 546 aestus
1327 502 1581 556 inpatientia
1619 500 1840 544 labefacta.
1888 501 1952 543 in-

179 587 314 642 super'
338 585 539 630 confusus
567 585 783 640 pravitate
811 584 879 628 vel
909 583 1072 626 ambitu
1102 584 1208 626 ordo
1237 582 1427 626 militiae.
1478 582 1661 625 sedecim
1699 581 1953 635 praetoriae,

180 669 386 724 quattuor
423 666 613 709 urbanae
652 665 848 708 cohortes
887 663 1202 717 scribebantur,
1247 664 1343 718 quis
1385 662 1552 717 singula
1595 661 1714 705 milia
1754 662 1952 705 inessent.

180 747 279 803 plus
306 747 351 791 in
381 759 431 790 eo
460 746 620 790 dilectu
648 745 805 789 Valens
845 745 1052 798 audebat,
1094 747 1296 798 tanquam
1335 744 1476 797 ipsum
1506 743 1729 786 Caecinam
1767 741 1955 796 periculo

181 827 417 872 exemisset.
461 839 564 870 sane
603 826 790 869 adventu
832 826 923 869 eius
963 828 1109 879 partes
1150 824 1476 876 convaluerant,
1518 827 1561 866 et
1590 824 1810 866 sinistrum
1849 822 1955 865 lenti

181 908 349 952 itineris
375 920 586 951 rumorem
614 919 818 961 prospero
838 905 1000 960 proelio
1020 908 1210 949 verterat
1230 905 1449 959 omnisque
1467 903 1681 947 inferioris
1702 902 1956 946 Germaniae

183 988 308 1033 miles
327 988 550 1032 Valentem
580 986 894 1040 adsectabatur,
923 987 1034 1030 unde
1063 987 1246 1040 primum
1275 986 1465 1031 creditur
1488 984 1694 1028 Caecinae
1722 982 1829 1026 fides
1859 982 1954 1026 flui-

184 1072 312 1112 tasse.
370 1067 464 1122 (94)
506 1071 692 1112 ceterum
731 1080 814 1110 11011
853 1067 915 1110 ita
956 1067 1134 1118 ducibus
1173 1065 1351 1109 indulsit
1379 1065 1579 1108 Vitellius
1593 1098 1604 1118 ,
1645 1067 1696 1107 ut
1733 1077 1816 1106 non
1858 1063 1955 1117 plus

185 1147 313 1193 militi
341 1148 500 1192 liceret.
546 1147 628 1191 sibi
657 1148 838 1202 quisque
865 1147 1062 1190 militiam
1093 1159 1331 1200 sumpsere:
1361 1146 1556 1200 quamvis
1585 1145 1799 1199 indignus,
1829 1144 1867 1187 si
1896 1144 1957 1186 ita
1973 1153 2014 1182 10

185 1228 414 1282 maluerat,
453 1228 641 1272 urbanae
678 1228 856 1271 militiae
885 1227 1228 1279 adscribebatur;
1270 1238 1421 1270 rursus
1450 1226 1571 1268 bonis
1600 1237 1817 1268 remanere
1846 1224 1958 1267 inter

185 1309 441 1363 legionarios
478 1311 555 1351 aut
592 1308 730 1352 alares
769 1307 1007 1351 volentibus
1046 1307 1311 1361 permissum.
1356 1318 1433 1350 nec
1470 1306 1648 1348 deerant
1685 1305 1760 1359 qui
1788 1304 1958 1358 vellent,

186 1388 290 1433 fessi
317 1388 474 1432 morbis
504 1392 548 1431 et
576 1387 867 1443 intemperiem
906 1387 1013 1431 caeli
1052 1388 1306 1430 incusantes.
1351 1386 1505 1429 robora
1543 1389 1684 1429 tamen
1722 1384 1959 1438 legionibus

186 1468 350 1524 alisque
387 1468 629 1522 subtracta,
672 1468 917 1512 convolsum
957 1470 1195 1511 castrorum
1236 1467 1386 1520 decus,
1427 1466 1578 1519 viginti
1616 1465 1786 1508 milibus
1816 1477 1840 1508 e
1869 1468 1958 1507 toto

187 1549 376 1594 exercitu
404 1549 628 1604 permixtis
657 1549 795 1602 magis
823 1561 950 1603 quam
980 1548 1137 1592 electis.

300 1629 579 1673 Contionante
606 1629 780 1673 Vitellio
809 1628 1083 1683 postulantur
1112 1629 1167 1671 ad
1197 1627 1454 1682 supplicium
1482 1626 1699 1669 Asiaticus
1730 1628 1774 1668 et
1803 1624 1960 1668 Flavus

188 1711 235 1753 et
260 1707 440 1753 Rufinus
468 1710 597 1753 duces
623 1708 872 1762 Galliarum,
902 1709 1016 1763 quod
1044 1721 1122 1763 pro
1141 1708 1320 1751 Vindice
1348 1706 1588 1750 bellassent.
1634 1718 1710 1750 nec
1739 1704 1962 1749 coercebat

190 1789 393 1833 eiusmodi
423 1802 547 1834 voces
577 1789 795 1833 Vitellius:
838 1801 967 1843 super
995 1788 1166 1832 insitam
1196 1788 1323 1831 inerti
1352 1787 1491 1830 animo
1521 1787 1734 1841 ignaviam
1766 1785 1960 1829 conscius

283 1929 301 1959 1
339 1927 516 1968 ganolrfiq3
610 1930 630 1959 2
666 1927 808 1959 aviditas
831 1928 1023 1959 Puteolanus
1115 1926 1277 1958 labefacta
1312 1926 1452 1957 Meiser:
1473 1925 1627 1957 labefecit
1718 1923 1771 1967 213
1808 1924 1962 1954 confusus

190 1974 325 2013 insuper
347 1971 393 2004 A.
420 1973 541 2005 Gerber
631 1974 651 2004 3
675 1974 791 2014 militie
814 1983 853 2005 ex
876 1973 993 2005 militia
1016 1983 1097 2004 corr.
1126 1975 1177 2004 lm
1269 1974 1288 2004 ‘1
1312 1973 1382 2012 filio
1475 1969 1566 2011 oisq3
1662 1973 1701 2002 11
1728 1970 1882 2001 maluerit
1906 1969 1964 1999 aed

191 2022 470 2105 ἒηηφᾶνοσνΛηι)
556 2021 598 2051 12
623 2020 730 2051 aleres
823 2020 865 2051 16
899 2019 1062 2060 asyaticus
1155 2020 1197 2050 18
1230 2017 1327 2050 inerti
1359 2018 1519 2049 Pichena:
1542 2019 1649 2048 morte
1680 2017 1800 2056 (morte
1822 2015 1882 2046 ἀει
1909 2015 1961 2054 bv,

192 2190 314 2223 dionae
347 2195 439 2222 mat:
477 2190 548 2222 alia
583 2191 650 2222 iam
683 2190 912 2222 munditiarum
939 2189 1060 2230 facien,
1090 2190 1213 2229 padey
1236 2190 1278 2220 ad
1300 2189 1387 2221 Anu.
1413 2192 1434 2221 4
1447 2212 1455 2227 ,
1482 2190 1535 2221 73.
1559 2207 1603 2212 —
1638 2188 1818 2220 convolsum
1841 2191 1965 2218 castro-

186 2249 306 2289 μνία·
321 2248 475 2288 spiritu„
498 2253 528 2279 et
550 2257 668 2279 causae
689 2247 852 2287 ,qravioris
876 2248 967 2285 caeli,
992 2247 1064 2286 qui·

195 2305 251 2337 bia
286 2305 377 2346 apud
407 2310 522 2337 veteres
561 2305 650 2337 urbis
683 2305 864 2345 infamis
898 2314 956 2335 aer
980 2304 1063 2344 fua,

196 2367 268 2395 mut
289 2367 437 2395 remotae.
471 2363 566 2393 Ln’s.
611 2362 664 2393 Ad
687 2362 777 2393 vocis
806 2371 899 2393 usum
931 2362 972 2392 cf.
996 2362 1063 2392 Ho-

199 2420 274 2452 ratii
300 2422 331 2460 1,
358 2422 389 2460 3,
415 2416 489 2452 202'
510 2419 648 2459 infames
671 2418 832 2459 scopulos,
867 2419 1064 2450 Acrocerau-

151 2465 159 2471 ’
197 2478 266 2511 nia.
290 2495 334 2501 —
366 2474 546 2520 adiacente]
573 2477 699 2515 „Immo
723 2476 902 2508 adlumtef‘
925 2477 1062 2508 Dunnn.

198 2535 377 2576 Proposuit
421 2535 484 2566 hoc
529 2534 676 2574 Ruperti.
735 2533 858 2565 Verum
899 2533 1065 2565 adiacente

200 2592 314 2633 quidni
352 2592 529 2633 significet:
571 2594 661 2630 „tam
694 2591 803 2622 vicino
837 2593 934 2630 atque
973 2590 1064 2621 facili

198 2649 298 2689 aditu,
323 2652 359 2681 ut
373 2659 460 2689 aqua
481 2649 717 2689 praeterfluens
741 2648 782 2678 ad
806 2648 982 2679 lavandum
1006 2647 1064 2677 mi-

197 2707 272 2738 lites
303 2706 390 2738 ultro
421 2705 629 2737 inliceret.“?
663 2722 707 2727 -—-
738 2704 892 2735 aviditate
914 2721 959 2727 —
981 2704 1064 2735 labe-

189 2761 304 2807 facta]
337 2763 385 2796 sic
415 2763 553 2803 scripsi,
589 2762 666 2801 quia
689 2762 814 2793 facilius
846 2761 1007 2802 labefacta
1030 2761 1064 2791 in

200 2820 350 2860 labefecit
382 2829 479 2859 quam
503 2819 644 2851 aviditas
667 2819 700 2849 in
725 2818 879 2850 aviditate
902 2818 1065 2857 corrumpi

201 2877 345 2917 potuisse
361 2877 503 2909 videtur.
550 2876 686 2915 Madvig
707 2880 737 2907 ee
760 2872 834 2907 ante
850 2880 956 2906 aestus
979 2875 1066 2906 delet

203 2936 236 2965 et
257 2934 415 2974 explicat:
440 2937 550 2965 aestus
575 2932 770 2974 inpatientia
791 2932 983 2963 aviditatem
1007 2933 1063 2962 flu-

202 2990 300 3022 minis
321 2991 428 3022 effecit
451 2994 484 3022 et
506 2991 552 3022 ita
567 2999 706 3030 corpora
727 2989 888 3021 labefecit.
914 3008 957 3012 —
981 2989 1065 3020 sede-

205 3046 267 3078 cim
288 3045 364 3090 cet.]
399 3047 473 3078 XX.
499 3048 591 3079 milia
615 3047 790 3079 hominum.
840 3045 908 3076 Sub
934 3045 1065 3076 Tiberio

205 3102 362 3135 insidebat
382 3103 489 3135 urbem
503 3104 659 3145 proprius
683 3104 791 3141 miles,
825 3107 888 3133 tres
912 3102 1064 3139 urbanae,

205 3169 314 3191 novem
331 3161 517 3200 praetor-:he
539 3161 689 3193 cohortes.
714 3162 800 3192 Anu.
824 3162 858 3199 4,
876 3160 906 3190 5.
932 3177 975 3182 —
1006 3157 1067 3189 Va—

204 3217 314 3248 unum
335 3216 570 3258 adsectabaeur]
596 3217 701 3258 Supra
724 3227 751 3248 0.
769 3218 832 3249 30:
857 3215 963 3247 madia
985 3215 1066 3245 mili-

206 3279 272 3306 tum
310 3273 403 3317 (puta
436 3274 640 3314 potissimum
675 3274 835 3305 exercitus
872 3272 1066 3303 Germaniae

207 3328 398 3374 superioris)
421 3331 455 3362 in
479 3330 647 3362 Gaecivmm
668 3329 888 3368 inclinabant]

255 3386 316 3420 94:
355 3387 475 3430 alares]
508 3391 584 3420 sunt
606 3388 731 3429 equites
755 3388 892 3419 sociales
924 3386 964 3419 cs.
988 3385 1068 3427 Nip-

1096 2257 1167 2277 rum
1183 2245 1290 2290 decus]
1309 2249 1484 2286 „corrupta
1500 2245 1709 2285 diseiplina.“
1734 2245 1820 2276 ERN.
1860 2244 1963 2274 Immo

1097 2313 1211 2334 veram
1235 2307 1267 2334 et
1290 2304 1406 2334 horum
1422 2303 1599 2334 verborum
1623 2305 1655 2333 et
1679 2301 1778 2332 totius
1802 2301 1867 2331 1001
1891 2309 1963 2331 sen-

1097 2361 1232 2392 tentiam
1255 2361 1400 2400 percepit
1425 2359 1640 2391 Gutmannus.
1689 2358 1844 2389 Vitellius
1876 2357 1963 2388 enim

1099 2427 1139 2448 ex
1162 2417 1350 2456 legionariis
1373 2418 1554 2457 praetorias
1578 2417 1727 2447 cohortes
1751 2423 1870 2454 augere
1887 2423 1962 2445 con-

1099 2474 1259 2512 stituerat,
1283 2477 1320 2505 ut
1342 2474 1454 2514 plures
1479 2473 1542 2505 sibi
1566 2475 1675 2505 essent
1690 2471 1835 2511 corporis
1857 2474 1963 2502 custo-

1100 2531 1175 2569 des,
1211 2531 1267 2561 sed
1291 2530 1422 2561 illorum
1445 2531 1580 2562 arbitrio
1605 2529 1816 2570 permiserat,
1855 2531 1964 2558 utrum

1099 2587 1151 2619 his
1173 2587 1315 2619 adscribi
1331 2588 1456 2619 vellent
1472 2597 1586 2619 necne.
1634 2588 1685 2617 Ita
1707 2585 1964 2625 legionariorum

1101 2644 1230 2684 quidem
1263 2645 1438 2675 multitudo
1470 2648 1503 2675 et
1526 2644 1577 2674 vis
1608 2643 1779 2674 imminuta
1809 2652 1848 2672 ac
1870 2651 1963 2681 prae-

1100 2701 1300 2733 torianarum
1333 2701 1514 2733 cohortium
1545 2703 1658 2740 aucta3
1695 2699 1752 2731 sed
1776 2699 1874 2730 simul
1899 2698 1964 2729 illis

1099 2758 1218 2789 robora
1249 2758 1447 2800 (dignissimi
1472 2757 1705 2795 fortissimique
1728 2755 1862 2796 milites)
1896 2755 1964 2786 sub-

1099 2819 1206 2846 tracta
1221 2820 1249 2846 et
1264 2815 1444 2847 convolsum
1460 2818 1637 2845 castrorum
1652 2812 1965 2852 (praetorianorum)

1101 2872 1205 2910 decus,
1230 2872 1311 2903 baec
1334 2871 1452 2903 militia
1474 2871 1662 2902 honoratior
1684 2870 1749 2900 iam
1773 2870 1966 2900 dedecorata

1101 2929 1308 2969 indignorum
1332 2929 1499 2959 affluentia
1523 2932 1554 2958 et
1577 2926 1691 2967 viginti
1712 2926 1838 2957 malibus
1863 2936 1879 2956 e
1902 2930 1966 2957 toto

1100 2986 1238 3017 exercitu
1271 2986 1439 3025 pemiaetis
1476 2984 1578 3023 magis
1618 2994 1711 3023 quam
1742 2983 1855 3014 electis.
1914 2983 1967 3014 Sic

1101 3043 1217 3074 decora
1241 3052 1279 3073 ex
1300 3042 1439 3073 exercitu
1469 3042 1551 3072 lecta
1585 3041 1733 3071 dicuntur
1756 3051 1783 3071 0.
1806 3042 1860 3072 81.
1897 3040 1965 3071 Βυ-

1102 3108 1214 3131 rsrvrr.
1241 3117 1284 3123 —
1310 3096 1416 3142 duces]
1442 3107 1523 3138 quos
1539 3098 1740 3136 frequentius
1758 3101 1855 3128 vocat
1870 3097 1965 3137 prin-

1102 3157 1207 3196 cipes,
1240 3156 1452 3196 Ηᾶαριίίηςο,
1488 3154 1587 3194 chefs.
1622 3171 1665 3178 -
1705 3163 1761 3184 nec
1796 3153 1966 3193 coercebat]

1103 3215 1190 3254 Ergo
1215 3213 1373 3253 supplicio
1398 3211 1504 3243 affecti
1528 3215 1614 3244 sunt.
1640 3229 1684 3234 -—
1718 3211 1814 3241 inerti
1844 3209 1964 3253 αηὶπιο]

1104 3271 1150 3302 sic
1174 3274 1260 3301 recte
1284 3270 1428 3300 Pichena
1459 3272 1643 3308 corruptam
1678 3267 1798 3298 codicis
1831 3267 1967 3307 scriptu-

1104 3336 1173 3358 ram
1196 3329 1293 3358 morte
1312 3325 1418 3356 animo
1434 3325 1614 3356 correxisse
1631 3324 1778 3363 videtur3
1803 3324 1844 3355 cf.
1864 3326 1893 3362 1,
1913 3325 1965 3361 62,

1105 3384 1159 3416 ubi
1183 3393 1243 3425 pro
1266 3382 1361 3415 inerti
1377 3382 1453 3414 luxu
1477 3382 1510 3413 in
1527 3381 1672 3414 Mediceo
1696 3381 1815 3422 legitur
1839 3381 1970 3413 Inmerti
