2176 3672
692 992 1400 1072 PRAEFATIO.

276 1177 401 1228 Cum
424 1176 678 1227 Orelliana
699 1174 902 1238 Dialogi
925 1173 985 1224 de
1008 1171 1277 1223 oratoribus
1302 1169 1445 1219 editio
1470 1185 1512 1218 a.
1535 1168 1663 1217 1848
1691 1168 1919 1232 evulgata

173 1268 566 1332 recognoscenda
593 1266 712 1316 mihi
741 1265 996 1315 commissa
1026 1268 1165 1324 esset,
1189 1262 1257 1312 ita
1278 1261 1374 1310 hoc
1403 1259 1565 1310 officio
1589 1259 1729 1322 fungi
1762 1259 1918 1309 visum

175 1364 273 1421 est,
322 1364 377 1408 ut
422 1357 770 1408 recentissimo·
804 1369 999 1418 quoque
1044 1352 1338 1402 adminiculo
1394 1356 1441 1401 et
1496 1351 1674 1416 optima
1727 1366 1920 1414 quaque

172 1447 456 1497 auctoritate
476 1446 613 1496 nisus
636 1444 934 1495 emendando
959 1443 1187 1494 mutando
1211 1442 1435 1507 augendo
1469 1442 1754 1491 conficerem
1784 1456 1917 1505 epm,

172 1553 236 1588 ex
281 1552 379 1602 quo
412 1542 577 1602 posset
597 1536 838 1600 intellegi,
870 1541 1102 1600 quantum
1127 1534 1342 1585 virorum
1376 1533 1624 1583 doctorum
1654 1531 1820 1581 studiis
1843 1532 1918 1581 his

172 1627 528 1692 duodetriginta
561 1628 701 1678 annis
733 1628 786 1676 in
818 1627 913 1676 hoc
946 1626 1118 1676 libello
1159 1625 1456 1689 consumptis
1491 1623 1875 1689 profecissemus.

277 1719 342 1769 Et
374 1719 583 1784 primum
619 1718 814 1783 quidem
848 1718 1011 1769 varias
1054 1717 1291 1766 librorum
1325 1731 1474 1765 manu
1508 1715 1792 1780 scriptorum
1827 1714 1924 1762 lec-

173 1809 330 1856 tiones
348 1826 411 1855 ex
428 1826 490 1855 ea
516 1810 725 1858 editione
750 1809 1041 1873 deprompsi,
1064 1823 1210 1871 quam
1232 1806 1700 1857 AdolfusMichaelis
1724 1822 1764 1854 a.
1795 1804 1920 1853 1868

173 1896 373 1961 Lipsiae
406 1896 459 1945 in
492 1896 653 1946 lucem
688 1897 848 1959 edidit,
895 1897 1123 1947 adhibitis
1158 1898 1509 1963 supplementis
1544 1898 1608 1946 ab
1643 1895 1839 1946 Halmio
1875 1896 1926 1944 in

177 1986 384 2036 editione
406 1986 547 2036 tertia
570 1992 617 2036 et
634 2004 664 2036 a
682 1987 890 2038 Meisero
920 1990 972 2038 in
994 1994 1353 2053 programmate
1376 1988 1750 2038 Eichstaettensi
1774 1983 1925 2048 (Kri-

175 2075 330 2125 tische
354 2074 555 2126 Studien
599 2093 711 2126 zum
745 2062 988 2142 Dialogus
1033 2079 1133 2128 und
1166 2094 1254 2128 zur
1290 2078 1556 2128 Germania
1590 2079 1674 2129 des
1711 2078 1924 2128 Tacitus'

178 2165 333 2228 1871)
362 2167 577 2231 prolatis.
626 2167 819 2232 Collegi
847 2175 1008 2219 autem
1036 2170 1270 2219 lectiones
1294 2186 1460 2219 eorum
1483 2175 1667 2220 tantum
1691 2168 1923 2229 codicum,

176 2271 299 2320 quos
332 2257 590 2308 Michaelis
634 2259 806 2328 litteris
839 2259 972 2310 ABG
1005 2261 1208 2323 notavit,
1258 2277 1439 2325 easque
1473 2261 1699 2325 integraS,
1740 2259 1928 2309 omissis

174 2347 336 2393 tamen
359 2347 444 2406 eis,
480 2364 542 2396 ex
572 2350 749 2412 quibus
770 2350 894 2400 nihil
917 2351 1115 2401 discitur
1137 2352 1232 2402 nisi
1257 2352 1418 2416 qualis
1446 2352 1592 2402 fuerit
1614 2351 1920 2402 librariorum

174 2434 418 2485 scribendi
444 2438 688 2488 vocabula
712 2441 1022 2492 consuetudo.
1056 2442 1247 2493 Deinde
1266 2442 1319 2492 in
1340 2443 1687 2494 recentioribus
1710 2442 1923 2493 virorum

175 2524 423 2575 doctorum
464 2528 751 2581 coniecturis
795 2531 848 2580 in
892 2539 1130 2597 apparatu
1170 2534 1336 2584 critico
1379 2534 1666 2598 colligendis
1711 2531 1921 2581 maxime

175 2614 363 2665 Halmii
396 2620 726 2671 auctoritatem
754 2628 948 2673 secutus
978 2639 1103 2686 sum;
1161 2625 1213 2674 in
1254 2625 1594 2676 recentissimis
1638 2636 1920 2672 commemo-

176 2705 341 2757 randis
375 2723 485 2759 cum
523 2710 574 2760 id
616 2714 817 2776 egerim,
865 2720 918 2764 ut
961 2714 1350 2779 supplementum
1398 2715 1635 2780 quoddam
1671 2710 1920 2761 Halmiani

180 2801 509 2850 commentarii
543 2802 695 2853 critici
725 2805 988 2868 efficerem,
1035 2822 1207 2856 vereor
1247 2824 1309 2857 ne
1343 2807 1518 2856 nimius
1552 2804 1702 2853 fuisse
1745 2802 1923 2852 videar.

180 2887 308 2938 Tum
341 2889 393 2940 in
427 2893 756 2945 constituendo
792 2902 928 2947 textu
961 2898 1028 2947 ita
1056 2903 1277 2948 versatus
1312 2913 1431 2958 sum,
1467 2901 1518 2944 ut
1552 2894 1747 2958 saepius
1783 2907 1927 2956 quam

179 2979 230 3028 in
264 2980 424 3044 priore
463 2983 669 3036 editione
703 3003 745 3037 a.
780 2988 911 3037 1872
947 2988 1076 3053 apud
1112 2988 1424 3038 Teubnerum
1458 2986 1508 3034 in
1547 3000 1684 3034 usum
1719 2982 1926 3046 discipu-

177 3070 336 3120 lorum
382 3089 413 3122 a
456 3090 533 3124 me
577 3076 705 3127 edita
751 3079 988 3143 proditam
1036 3079 1322 3144 scripturam
1369 3091 1628 3136 servarem,
1676 3074 1757 3124 vel
1813 3072 1927 3136 quia

177 3158 353 3211 iustam
389 3179 585 3216 causam
619 3167 869 3219 dubitandi
903 3185 1000 3218 11011
1036 3185 1142 3220 esse
1176 3170 1526 3227 intellexeram,
1564 3165 1644 3215 vel
1682 3164 1797 3228 quia
1831 3178 1926 3211 11011

175 3249 224 3299 id
248 3251 367 3303 mihi
401 3257 643 3319 agendum
678 3265 781 3309 erat
811 3260 904 3309 hoc
939 3265 1166 3326 tempore,
1199 3267 1251 3311 ut
1279 3258 1566 3309 conficerem
1590 3261 1774 3305 textum
1799 3252 1925 3302 omni
