2176 3672
659 350 832 394 LIBER
861 351 917 394 ΙΙ.
977 349 1077 404 Gap.
1112 350 1175 392 13,
1210 349 1274 392 14.
1310 349 1371 392 15.
1404 347 1468 391 16.
1874 347 1957 390 323

185 471 304 522 geret
332 471 434 521 apta
464 468 520 510 ad
548 467 786 509 iaciendum
817 466 943 509 etiam
973 477 1234 519 paganorum
1264 477 1412 506 manus
1425 498 1435 517 ,
1466 464 1540 518 qui
1569 463 1708 517 sparsi
1738 463 1849 505 inter
1879 462 1957 504 mi-

184 548 305 603 lites,
347 548 510 591 strenui
547 547 794 600 ignavique,
836 547 879 588 in
908 545 1085 588 victoria
1123 544 1235 589 idem
1273 544 1496 586 audebant.
1540 543 1711 585 additus
1750 541 1956 596 perculsis

184 631 324 672 terror
351 628 518 670 invecta
547 627 589 669 in
611 630 735 679 terga
763 625 1045 679 pugnantium
1069 624 1214 667 classe.
1260 624 1323 666 ita
1342 624 1530 677 undique
1550 623 1683 666 clausi
1704 622 1952 676 deletaeque

185 719 328 750 omnes
360 708 507 761 copiae
536 705 687 758 forent,
716 706 760 748 ni
781 705 984 748 victorem
1016 704 1246 746 exercitum
1278 704 1524 746 attinuisset
1553 703 1778 746 obscurum
1807 703 1956 754 noctis,

185 788 377 831 obtentui
414 786 683 841 fugientibus
743 783 836 839 (15)
868 796 944 826 nec
973 783 1192 839 Vitelliani
1222 797 1462 838 quanquam
1491 783 1595 826 victi
1625 783 1844 837 quievere:
1890 793 1958 824 ac·
1997 790 2016 819 ⁵

186 868 283 911 citis
314 867 482 910 auxiliis
512 877 706 909 securum
743 863 910 907 hostem
942 876 990 907 ac
1020 875 1218 906 successu
1249 877 1391 906 rerum
1422 863 1642 905 socordius
1673 866 1866 917 agentem
1896 862 1959 903 in-

185 949 357 991 vadunt.
404 946 516 990 caesi
557 945 727 998 vigiles,
768 948 974 998 perrupta
1004 947 1167 997 castra,
1208 944 1468 997 trepidatum
1498 943 1614 996 apud
1643 943 1784 995 navis,
1829 943 1960 984 donec

185 1027 350 1070 sidente
370 1025 579 1080 paulatim
599 1030 728 1078 metu,
759 1028 964 1078 occupato
994 1025 1113 1066 iuxta
1143 1023 1249 1067 colle
1270 1022 1444 1076 defensi,
1475 1036 1571 1065 mox
1591 1023 1795 1076 irrupere.
1838 1026 1961 1065 atrox

183 1106 243 1150 ibi
273 1107 422 1150 caedes
452 1109 496 1148 et
525 1106 794 1159 Tungrarum
825 1104 1060 1147 cohortium
1100 1102 1304 1157 praefecti
1343 1107 1584 1146 sustentata
1623 1103 1698 1145 diu
1734 1103 1824 1145 acie
1864 1102 1962 1144 telis

162 1186 437 1230 obruuntur.
482 1198 535 1228 ne
565 1185 816 1228 Othonianis
853 1185 1022 1238 quidem
1059 1184 1281 1226 incruenta
1320 1183 1499 1226 victoria
1536 1182 1642 1235 fuit,
1687 1195 1867 1236 quorum
1898 1182 1961 1224 in·
1979 1191 2020 1221 10

186 1267 363 1322 provide
391 1269 562 1309 secutos
583 1265 773 1308 conversi
793 1265 958 1319 equites
984 1264 1358 1306 circumvenerunt.
1407 1275 1457 1305 ac
1476 1262 1593 1305 velut
1614 1262 1752 1316 pactis
1772 1263 1961 1315 indutiis,

186 1359 240 1390 ne
269 1346 369 1389 hinc
398 1346 547 1389 classis
575 1345 674 1387 inde
699 1357 828 1399 eques
859 1343 1043 1386 subitam
1066 1342 1332 1385 formidinem
1358 1342 1575 1395 inferrent,
1605 1341 1824 1384 Vitelliani
1845 1346 1962 1385 retro

187 1426 421 1480 Antipolim
450 1424 737 1468 Narbonensis
769 1423 933 1466 Galliae
969 1423 1245 1476 municipium
1259 1457 1269 1476 ,
1313 1422 1544 1464 Othoniani
1573 1422 1859 1475 Albigaunum
1899 1423 1962 1464 in-

188 1506 359 1550 terioris
389 1506 591 1559 Liguriae
619 1508 846 1548 revertere.

303 1585 398 1639 (16)
433 1584 647 1628 Corsicam
678 1596 728 1627 ac
753 1583 993 1626 Sardiniam
1017 1586 1264 1637 ceterasque
1292 1582 1472 1636 proximi
1502 1582 1632 1624 maris
1662 1581 1822 1624 insulas
1853 1581 1966 1625 fama
1981 1594 2020 1624 15

186 1665 374 1708 victricis
402 1665 550 1708 classis
580 1665 623 1707 in
653 1663 849 1718 partibus
879 1663 1059 1705 Othonis
1090 1663 1240 1706 tenuit.
1285 1663 1360 1704 sed
1392 1661 1606 1705 Corsicam
1637 1675 1771 1716 prope
1800 1662 1965 1706 adflixit

191 1745 368 1788 Decumi
397 1745 565 1788 Pacarii
603 1744 894 1798 procuratoris
932 1743 1150 1786 temeritas
1163 1777 1173 1796 ,
1213 1746 1336 1786 tanta
1375 1742 1486 1784 mole
1514 1742 1614 1785 belli
1643 1742 1749 1784 nihil
1778 1743 1821 1785 in
1851 1755 1964 1786 sum-

192 1838 304 1868 mam
343 1824 589 1879 profutura,
630 1825 716 1878 ipsi
755 1824 943 1867 exitiosa.
993 1835 1175 1877 namque
1205 1822 1387 1865 Othonis
1425 1823 1522 1865 odio
1564 1823 1711 1865 iuvare
1747 1823 1965 1866 Vitellium

194 1904 420 1948 Corsorum
460 1905 620 1948 viribus
660 1905 831 1957 statuit,
872 1904 988 1946 inani
1026 1902 1182 1945 auxilio
1195 1936 1205 1955 ,
1248 1903 1375 1945 etiam
1413 1903 1451 1945 si
1480 1903 1755 1956 provenisset.
1804 1904 1966 1946 vocatis

194 1985 457 2040 principibus
497 1984 659 2027 insulae
690 1983 910 2027 consilium
949 1983 1088 2037 aperit
1126 1987 1168 2025 et
1199 1987 1345 2025 contra
1375 1983 1515 2025 dicere
1546 1994 1695 2035 ausos,
1742 1982 1965 2026 Claudium
1980 1996 2023 2026 20

193 2066 443 2120 Pyrrhicum
462 2064 744 2107 trierarchum
763 2063 1085 2106 Liburnicarum
1115 2061 1174 2104 ibi
1200 2063 1382 2115 navium,
1414 2062 1632 2112 Quintium
1655 2061 1826 2104 Certum
1848 2064 1965 2117 equi-

193 2151 279 2189 tem
299 2146 547 2198 Romanum,
576 2142 756 2187 interfici
776 2142 904 2185 iubet.
949 2155 1127 2196 quorum
1150 2146 1285 2184 morte
1311 2142 1502 2184 exterriti
1522 2143 1595 2196 qui
1618 2143 1807 2195 aderant,
1839 2143 1966 2185 simul

190 2227 342 2280 ignara
361 2229 404 2270 et
422 2224 550 2268 alieni
570 2228 709 2267 metus
730 2223 847 2266 socia
866 2222 1159 2276 imperitorum
1180 2221 1318 2274 turba,
1349 2222 1391 2263 in
1414 2221 1544 2265 verba
1564 2221 1727 2264 Vitellii
1757 2222 1964 2266 iuravere.

1857 2351 1874 2380 '1
1901 2350 1967 2380 cesi

1827 2396 1965 2434 prefecti

1852 2444 1867 2471 1
1875 2443 1891 2471 7
1918 2442 1966 2471 ni-

1814 2486 1966 2517 Iurauere

286 2351 341 2395 314
365 2351 522 2394 delleteq3
548 2338 630 2382 offiis
722 2352 743 2381 4
767 2350 890 2380 uictore
984 2350 1002 2378 5
1029 2348 1160 2378 obtenui
1254 2349 1272 2378 6
1299 2349 1447 2378 seem-iim
1473 2348 1594 2386 (notam
1618 2347 1678 2378 del.
1699 2350 1763 2387 lm)

197 2400 218 2430 8
257 2399 384 2429 sidente
420 2397 516 2437 (unde
550 2397 715 2427 sedentem
747 2395 795 2426 ed.
824 2395 946 2434 princ.)
1050 2395 1068 2425 9
1105 2394 1199 2424 cedes
1293 2393 1499 2432 Tungrorum
1536 2394 1574 2425 L.
1602 2393 1737 2433 Spenqel

198 2446 236 2476 11
264 2445 361 2476 uelud
456 2446 496 2475 12
522 2452 582 2473 nec
607 2442 638 2483 (c
662 2442 722 2472 del.
742 2443 805 2481 lm)
901 2442 941 2472 15
966 2440 1108 2478 sardinie
1133 2439 1308 2478 scripturus
1323 2439 1477 2469 librarius
1494 2449 1511 2478 e
1527 2439 1561 2469 in
1577 2442 1597 2469 ἕ.
1621 2440 1757 2470 correxit

196 2490 262 2521 chil
355 2489 454 2531 usis
479 2498 638 2519 summum
662 2487 850 2518 Rhenanus:
872 2489 965 2517 sfima
1059 2487 1100 2516 18
1132 2486 1318 2524 profectura
1342 2485 1535 2515 Irreinsheim
1620 2495 1727 2525 nanq3

196 2534 293 2580 (unde
315 2536 463 2567 vitavere
487 2535 536 2565 ed.
553 2533 675 2574 princ.)
770 2536 809 2564 21
836 2532 990 2572 phyrricfi
1083 2533 1125 2562 23
1150 2531 1271 2570 ignava
1295 2530 1405 2561 Sim-ker
1497 2531 1702 2570 Imperatorfi

196 2639 352 2678 intellege
368 2637 521 2678 Liyurum
537 2637 702 2668 cohortem.
728 2654 770 2658 -—-
796 2632 949 2677 obtentui]
977 2643 1062 2672 „quo
1194 2633 1246 2664 15.
1284 2632 1485 2671 Tunyramm
1501 2632 1684 2673 cohortium]
1709 2634 1750 2664 cf.
1767 2634 1852 2665 Ann.
1871 2636 1905 2672 4,
1922 2636 1965 2665 4⁷

199 2696 317 2726 idoneo
357 2698 528 2735 praetextu
563 2695 675 2732 fugere
712 2692 880 2723 honestius
914 2695 1065 2730 poterunt
1100 2689 1296 2728 Sugambrae
1327 2689 1474 2720 cohortis.
1499 2707 1543 2712 —
1577 2688 1766 2733 Antipolim]
1801 2692 1962 2722 coloniam

199 2751 403 2784 Vitelliani.“
444 2751 530 2782 ERN.
579 2751 702 2781 Verum
738 2749 844 2788 aptior
878 2751 928 2778 est
962 2748 1063 2787 expli·
1100 2747 1374 2785 Massiliensium,
1399 2746 1440 2777 ab
1468 2746 1519 2776 his
1544 2747 1707 2778 conditam
1732 2757 1762 2778 a.
1787 2753 1862 2778 ante
1886 2748 1963 2780 Chr.

203 2808 287 2839 catio
311 2808 447 2846 Ritteri,
472 2807 641 2839 Burnoufli
666 2817 705 2838 ac
729 2805 929 2842 Louandrii,
954 2809 989 2835 ut
1013 2805 1064 2834 ob·
1101 2805 1183 2841 340,
1219 2804 1316 2834 hodie
1351 2802 1496 2833 Antibes.
1532 2822 1574 2826 —-
1609 2802 1834 2846 Albiqaunum]
1871 2805 1966 2836 hodie

199 2869 300 2896 tentus
323 2874 422 2896 sensu
442 2865 594 2896 vocabuli
620 2865 724 2903 magis
749 2863 892 2903 propriO,
918 2863 972 2900 qui
997 2862 1064 2892 elu-
1081 2838 1084 2915 ἱ
1100 2860 1252 2899 Albenya.
1278 2879 1320 2883 --
1353 2860 1515 2890 imm-ioris
1540 2859 1706 2903 [simmae]
1740 2862 1828 2892 Ann.
1855 2863 1894 2899 5,
1923 2864 1964 2893 10
1988 2884 1992 2892 .

201 2925 254 2952 cet
276 2931 294 2952 e
318 2922 455 2961 Vergilii
480 2923 535 2953 illo
559 2923 641 2952 Aen.
662 2923 715 2959 11,
733 2922 793 2952 66:
818 2919 1066 2957 Eaestructosque

201 2982 287 3009 toron
311 2978 434 3009 obtentu
454 2978 585 3018 frondis
609 2977 800 3014 inumbrant,
826 2976 1004 3015 accipiatur
1027 2975 1066 3005 de

205 3035 307 3066 tutela
338 3036 463 3074 noctis,
501 3045 567 3075 qua¹
590 3035 640 3066 usi
665 3034 834 3064 Vitelliani
860 3033 1008 3063 hostibus
1033 3042 1066 3062 se

204 3091 435 3122 subduxerunt.
484 3091 544 3122 Die
562 3090 668 3121 Nacht
684 3090 786 3121 diense
800 3090 860 3120 deu
877 3088 1068 3119 Fliehemlen

204 3148 255 3179 ale
277 3148 491 3188 (aestimande)
516 3148 621 3178 Hune.
670 3147 722 3178 Sic
740 3148 839 3177 utitur
855 3156 887 3178 v.
907 3145 1068 3176 obtendere

203 3204 290 3235 nist.
316 3207 356 3243 3,
382 3206 444 3236 56:
479 3210 514 3236 ut
535 3204 614 3235 nube
638 3209 714 3235 atra
750 3204 831 3234 diem
858 3202 1066 3233 obtenderem.

205 3261 246 3291 cf.
275 3263 305 3298 3,
331 3261 391 3291 36:
434 3260 574 3291 Vitellius
608 3262 691 3292 cun‘a
723 3261 830 3291 luzum
855 3259 1069 3289 obtendebac.⁴‘

208 3317 252 3347 Et
283 3317 474 3348 Louandre:
510 3318 541 3348 εἰ
571 3317 747 3348 l’obscurite'
779 3317 816 3347 de
847 3317 881 3346 la
912 3317 997 3353 nuit,
1034 3325 1070 3345 en

1103 2917 1250 2947 Piraeum
1275 2917 1400 2947 Atticae
1425 2927 1511 2948 orae.
1536 2917 1577 2947 cs.
1604 2916 1787 2956 Nipperdey
1811 2918 1850 2948 ad
1876 2921 1963 2949 Anu.

1105 2977 1137 3013 2,
1163 2975 1204 3004 63
1230 2974 1330 3012 yemis
1356 2974 1549 3011 Quadorum.

1151 3031 1202 3061 16.
1251 3035 1343 3062 tanta
1377 3031 1456 3060 mole
1490 3027 1585 3073 belli]
1626 3040 1724 3068 „cum
1758 3035 1843 3061 esset
1878 3035 1969 3062 tanta

1105 3088 1208 3118 moles
1248 3087 1348 3126 belli,
1389 3088 1421 3117 in
1458 3096 1521 3125 qua
1556 3087 1650 3126 parvi
1690 3088 1843 3118 momenti
1885 3093 1966 3128 erat,

1105 3148 1211 3175 utrum
1246 3144 1402 3174 Pacarius
1436 3143 1477 3173 ab
1510 3143 1571 3174 hue
1606 3147 1726 3182 staret,
1762 3154 1803 3174 an
1838 3145 1879 3175 ab
1911 3146 1969 3176 illu

1105 3204 1229 3241 parto.“
1266 3201 1413 3230 Wumn.
1462 3200 1592 3231 Etenim
1618 3200 1644 3230 is
1670 3210 1730 3231 nec
1755 3201 1889 3232 Vitellio
1914 3213 1968 3233 ne—

1107 3267 1168 3296 que
1204 3256 1325 3287 Othoni
1362 3257 1578 3296 principatum
1611 3266 1727 3296 parare
1760 3262 1896 3297 poterat.
1924 3277 1967 3282 —

1106 3315 1138 3344 in
1155 3312 1318 3357 summam]
1345 3314 1383 3344 cf.
1403 3314 1487 3343 Anu.
1511 3316 1562 3351 13,
1581 3315 1642 3345 38:
1666 3313 1747 3344 nihil
1768 3315 1800 3345 ἑτι
1817 3326 1968 3347 &culmum

207 3374 351 3403 απέιαηε
396 3374 442 3404 les
480 3374 690 3412 vainqueurs,
735 3372 818 3404 n'efit
864 3378 990 3404 convert
1027 3373 1071 3402 les
1103 3371 1196 3410 pacis
1215 3370 1449 3410 projiciebatur.
1489 3371 1561 3402 Liv.
1589 3373 1642 3407 31,
1669 3372 1731 3404 37:
1756 3371 1790 3402 in
1814 3383 1966 3404 summam

199 3429 357 3469 fiayarde.

1106 3428 1198 3458 etiam
1215 3427 1289 3457 belli
1302 3427 1481 3466 profectum
1500 3428 1596 3466 soret.
1613 3446 1655 3451 —
1680 3429 1797 3466 ignara
1811 3448 1851 3453 ——
1865 3431 1968 3472 turba]
