2176 3672
667 324 838 368 LIBER
865 324 921 368 II.
980 323 1079 379 Cap.
1101 324 1167 368 35.
1198 325 1265 369 36.
1296 324 1363 368 37.
1394 325 1461 368 38.
1877 325 1961 369 339

189 439 506 483 vetustissimus
535 439 818 483 consularium
849 443 893 483 et
920 439 1074 483 militia
1093 440 1233 484 clarus
1252 440 1431 495 gloriam
1449 453 1684 495 nomenque
1703 439 1960 483 Britannicis

189 519 526 574 expeditionibus
555 521 791 563 meruisset.
836 532 914 574 ego
943 523 994 563 ut
1022 522 1300 564 concesserim
1340 521 1457 574 apud
1494 533 1655 574 paucos
1690 520 1822 563 tacito
1859 523 1960 563 voto

189 599 375 654 quietem
402 613 482 654 pro
505 600 731 653 discordia,
761 600 917 643 bonum
947 603 992 643 et
1019 600 1283 644 innocentem
1311 601 1542 655 principem
1572 614 1650 655 pro
1678 601 1876 655 pessimis
1906 613 1956 644 ac

179 677 531 735 'flagitiosissimis
561 680 807 734 expetitum,
837 680 899 723 ita
927 693 1064 734 neque
1093 680 1330 734 Paulinum,
1364 694 1450 735 qua
1478 681 1707 734 prudentia
1735 679 1831 734 fuit,
1861 693 1958 735 spe-

187 771 307 803 rasse
345 759 666 813 corruptissimo
705 759 875 803 saeculo
913 763 1078 803 tantam
1117 760 1229 815 volgi
1267 761 1598 804 moderationem
1638 773 1758 815 reor,
1797 764 1848 804 ut
1885 762 1959 815 qui

186 851 335 893 pacem
363 839 465 883 belli
493 852 638 882 amore
665 839 944 883 turbaverant
972 840 1130 884 bellum
1159 841 1278 894 pacis
1309 841 1490 884 caritate
1519 842 1792 895 deponerent,
1821 854 1958 896 neque

186 922 265 962 aut
292 919 503 962 exercitus
531 919 689 975 linguis
717 919 993 975 moribusque
1022 921 1216 964 dissonos
1255 921 1298 963 in
1326 921 1439 964 hunc
1478 933 1727 964 consensum
1765 922 1958 975 potuisse

162 998 425 1042 ‘coalescere
455 1003 532 1042 aut
559 999 726 1055 legatos
754 1013 804 1043 ac
834 1001 985 1054 duces,
1019 1013 1172 1055 magna
1202 1013 1252 1044 ex
1281 1005 1404 1055 parte
1433 1001 1559 1044 luxus
1590 1002 1794 1055 egestatis
1825 1001 1956 1045 scele-

184 1091 280 1122 rum
317 1078 399 1122 sibi
438 1080 650 1134 conscios,
690 1081 775 1123 nisi
803 1080 1016 1134 pollutum
1045 1080 1381 1135 obstrictumque
1407 1081 1573 1124 meritis
1602 1081 1692 1123 suis
1721 1082 1956 1136 principem

182 1170 398 1213 passuros.
457 1159 550 1214 (38)
579 1164 703 1203 vetus
732 1173 782 1204 ac
810 1161 895 1203 iam
923 1161 1091 1215 pridem
1121 1161 1251 1204 insita
1277 1160 1531 1203 mortalibus
1560 1162 1777 1215 potentiae
1803 1163 1957 1216 cupido
1972 1171 2014 1201 10

185 1250 279 1282 cum
309 1239 478 1294 imperii
506 1241 798 1293 magnitudine
827 1240 1013 1284 adolevit
1041 1241 1278 1295 erupitque.
1321 1254 1420 1283 nam
1448 1240 1576 1284 rebus
1603 1242 1780 1284 modicis
1800 1254 1956 1296 aequa-

182 1317 282 1362 litas
310 1318 436 1363 facile
464 1319 720 1363 habebatur:
751 1321 828 1363 sed
855 1320 929 1363 ubi
957 1321 1134 1364 subacto
1154 1320 1256 1364 orbe
1276 1324 1321 1364 et
1340 1321 1517 1364 aemulis
1537 1321 1713 1364 urbibus
1734 1322 1957 1376 regibusve

184 1399 335 1443 excisis
364 1411 535 1443 securas
565 1413 668 1455 opes
698 1401 994 1455 concupiscere
1022 1413 1203 1444 vacuum
1232 1400 1336 1455 fuit,
1376 1401 1515 1455 prima
1551 1401 1663 1445 inter
1691 1406 1836 1456 patres
1866 1402 1956 1457 ple-

228 1592 229 1595 ’
273 1597 291 1626 1
327 1595 550 1626 consularium
582 1595 771 1626 Rhenanus.-
803 1595 996 1627 consiliarii-1

177 1641 243 1681 fine
264 1646 295 1672 et
315 1641 351 1673 in
372 1642 464 1672 initio
487 1639 663 1685 columnae)
754 1641 967 1673 brittannicis

174 1697 300 1728 persor.
325 1689 391 1727 lm)
483 1689 502 1719 5
539 1685 808 1727 corruptissimos
842 1689 873 1728 (s
906 1687 965 1719 del.
991 1689 1057 1728 lm)

184 1735 226 1766 13
251 1736 363 1774 partes
385 1735 417 1774 (r
433 1738 510 1774 post
532 1737 547 1764 t
569 1743 726 1774 superscr.
753 1736 820 1774 lm)

1097 1598 1207 1627 clarus
1240 1597 1265 1641 (l
1289 1607 1328 1627 ex
1351 1607 1368 1628 r
1391 1607 1474 1628 corr.
1501 1597 1565 1639 lm)
1657 1599 1798 1638 gloriam
1829 1598 1876 1629 bis
1910 1599 1956 1641 (in

1060 1644 1079 1674 2
1117 1644 1318 1674 concesserit
1352 1646 1380 1682 (t
1404 1643 1463 1674 del.
1495 1649 1524 1674 et
1547 1647 1655 1674 notam
1686 1645 1812 1675 litterae
1834 1655 1867 1675 m
1901 1655 1951 1675 su-

1151 1690 1192 1721 10
1228 1689 1330 1720 insita
1362 1687 1483 1733 (notam
1514 1690 1575 1720 del.
1603 1689 1666 1732 lm)
1760 1692 1801 1722 12
1837 1692 1955 1722 emulis

183 1926 263 1948 sane
284 1917 394 1948 elucet
416 1926 457 1947 ex
474 1917 700 1949 confutatione
724 1927 801 1948 mox
824 1918 928 1948 allata
950 1927 1048 1956 neque
1084 1918 1211 1958 excisis]
1247 1919 1397 1950 Heraeus
1430 1919 1486 1949 hic
1521 1922 1554 1950 et
1588 1919 1665 1950 aliis
1701 1919 1784 1951 locis
1819 1920 1953 1951 exeis-«xis

181 1973 350 2004 Paulinum
373 1982 518 2013 operasse
542 1977 603 2005 cet.
639 1991 684 1997 —
716 1975 942 2006 vetustissimus
975 1984 1047 2005 con-
1083 1975 1296 2007 scribendum
1329 1985 1400 2006 esse
1432 1979 1544 2006 censet
1557 1999 1565 2015 ,
1597 1979 1632 2006 at
1663 1977 1704 2007 cf.
1730 1976 1841 2007 Sirker
1872 1978 1949 2008 Tac.

181 2030 348 2072 sulm-im]
374 2030 624 2071 „Quadriennio
648 2034 726 2062 ante
746 2033 863 2063 consul
887 2033 994 2063 fuerat
1017 2042 1047 2063 a.
1084 2033 1321 2063 Formenlehre
1344 2042 1378 2072 p.
1397 2033 1439 2063 56
1458 2042 1507 2071 sq.
1530 2050 1575 2056 —
1610 2043 1739 2064 securas
1763 2034 1850 2074 opes]
1888 2044 1947 2073 po-

182 2088 249 2120 819
287 2088 389 2129 (Ann.
416 2089 480 2127 16,
508 2087 564 2128 14)
599 2091 632 2118 et
665 2088 831 2129 omnium,
871 2089 927 2128 qui
960 2089 1048 2120 circa
1083 2090 1221 2120 tentiam
1256 2092 1448 2129 ceterasque
1480 2090 1718 2129 prosperitates
1751 2090 1792 2121 ab
1826 2091 1948 2121 exteris

183 2144 370 2184 Othonem,
403 2148 535 2185 praeter
557 2145 766 2185 imperatoris
790 2146 944 2185 fratrem,
969 2155 1046 2176 con·
1082 2145 1236 2177 hostibus
1260 2146 1326 2176 iam
1350 2155 1416 2176 non
1441 2146 1654 2185 impugnatas
1677 2157 1784 2186 neque
1809 2147 1946 2187 impedi-

183 2202 344 2234 salarium
376 2202 540 2242 primus-‘⁴
581 2202 692 2232 chx.
738 2203 823 2233 Nam
846 2202 901 2233 hic
925 2202 991 2232 iam
1014 2212 1045 2234 a.
1083 2207 1145 2234 tas.
1169 2220 1214 2226 ——
1245 2213 1381 2233 vacuum
1404 2202 1486 2243 fuit]
1519 2203 1583 2242 „Id
1614 2206 1664 2234 est
1687 2204 1768 2234 satis
1792 2204 1852 2234 otii
1885 2204 1949 2234 fuit

183 2269 217 2291 u.
242 2269 270 2290 c.
297 2260 363 2292 ⁰195
387 2261 434 2299 (p.
460 2259 521 2290 ch.
546 2260 605 2299 42)
638 2269 703 2290 cos.
728 2259 745 2289 1
776 2259 878 2290 fuisse
901 2259 1046 2298 videtur,
1082 2259 1125 2290 ab
1150 2263 1287 2291 externa
1310 2260 1365 2299 vi,
1402 2264 1439 2290 ut
1459 2263 1596 2299 possent
1620 2261 1768 2299 cogitare
1802 2260 1843 2290 de
1871 2270 1947 2300 pro-

182 2317 225 2348 cf.
250 2317 314 2348 Ios.
338 2316 455 2347 Klein:
477 2316 571 2347 Fasti
595 2317 785 2347 consulares
809 2326 842 2356 p.
862 2317 904 2348 32
929 2320 963 2348 et
988 2318 1043 2348 40.
1082 2316 1157 2355 pria
1186 2317 1337 2355 potentia
1369 2317 1530 2355 augenda.
1577 2317 1729 2348 Imitatus
1765 2320 1815 2348 est
1840 2318 1948 2348 Sallu—

181 2391 226 2398 -—
248 2373 447 2405 Britannicis
471 2371 734 2416 apeditionibm]
761 2374 801 2405 de
826 2373 947 2413 quibus
971 2383 1045 2404 nar·
1082 2373 1182 2403 stium
1205 2373 1240 2403 in
1264 2373 1396 2412 Fragm.
1421 2374 1508 2405 Hist.
1537 2376 1567 2413 1,
1597 2375 1637 2404 12
1661 2374 1743 2405 Kr.:
1777 2374 1947 2413 Postquam

178 2434 232 2462 rat
253 2432 342 2463 Anu.
370 2433 424 2471 14,
450 2432 602 2469 29—39,
634 2431 716 2470 Agr.
742 2432 886 2463 14—16.
910 2449 955 2454 —
982 2441 1044 2470 pa·
1080 2434 1198 2461 remoto
1221 2435 1304 2460 metu
1319 2430 1438 2461 Punico
1462 2430 1634 2461 simultates
1649 2440 1792 2461 exercere
1814 2441 1947 2461 vacuum

180 2498 246 2519 cem
284 2487 359 2519 beai
395 2498 502 2519 amore
536 2504 580 2511 —
615 2487 728 2519 bellum
760 2489 855 2528 pacis
895 2486 1041 2531 caritate]
1074 2486 1162 2525 foedt,
1179 2486 1350 2527 plurumae
1371 2487 1491 2526 turbae,
1516 2487 1684 2519 seditiones
1706 2493 1736 2518 et
1758 2488 1806 2519 ad
1822 2493 1945 2528 postre—

180 2546 292 2577 Haase
323 2545 359 2576 in
394 2545 671 2576 commentatione
704 2545 744 2576 de
769 2546 875 2576 Taciti
899 2546 969 2576 vita
994 2546 1043 2576 in—
1079 2554 1163 2574 mum
1194 2543 1278 2574 bella
1309 2544 1419 2575 civilia
1441 2549 1515 2575 orta
1538 2550 1609 2576 sunt
1633 2549 1692 2576 cet.
1734 2545 1823 2577 Vett.
1849 2546 1945 2576 Glos—

180 2602 279 2642 genio
303 2602 437 2642 seriptis
460 2601 584 2641 p.L11,
608 2601 667 2633 ubi
688 2602 842 2633 Tacitum
866 2602 1043 2633 abhorrere

180 2659 263 2690 dicit
286 2658 328 2690 ab
353 2659 516 2690 eiusmodi
540 2659 719 2690 verborum
742 2659 892 2698 lusibus,
922 2659 1044 2698 quibus

178 2715 294 2747 creber
330 2719 380 2747 est
411 2715 452 2746 L.
477 2714 621 2755 Seneca,
661 2716 696 2746 in
730 2716 945 2747 adnotatione
976 2718 1041 2748 329

177 2772 272 2804 addit
292 2772 356 2804 hoc
380 2782 482 2803 unum
505 2773 595 2812 apud
616 2773 769 2803 Tacitum
793 2773 937 2804 inveniri
960 2773 1042 2812 figu-

176 2838 245 2868 rae,
270 2839 353 2870 quae
369 2829 491 2860 dicitur
506 2824 766 2873 α’ντιμεταβολή,
782 2831 979 2870 exemplum.
997 2847 1042 2853 --

178 2886 419 2926 obem-{dumque
446 2887 567 2917 meritis
590 2886 668 2927 suis]
704 2887 728 2918 i.
745 2897 774 2918 e.
798 2896 896 2926 quem
918 2887 983 2926 ipsi
1007 2888 1041 2917 vi

180 2945 214 2973 et
227 2943 328 2974 armis
346 2944 530 2984 principem
554 2944 722 2975 fecissent.
746 2943 917 2983 Kieseliny.
956 2944 1040 2974 falso

179 2999 215 3030 in
238 2999 458 3032 deterioribus
474 3000 645 3032 codicibus
660 3011 721 3041 pro
737 3001 857 3031 meritis
881 3001 1041 3040 scriptum

180 3059 232 3087 est
264 3056 412 3088 moribuo.
439 3075 482 3081 —
515 3058 686 3099 passuros]
720 3059 792 3089 scil.
828 3058 953 3096 fuisse,
997 3058 1038 3089 cf.

179 3112 363 3153 Nipperdey
385 3115 427 3145 ad
450 3116 537 3146 Anu.
562 3117 595 3155 2,
620 3118 661 3147 81
688 3115 880 3156 petiturum,
915 3115 1041 3153 Dra'qer

180 3169 274 3210 Synt.
300 3170 319 3210 ξ
345 3171 387 3202 88
401 3181 430 3202 c.
813 3166 815 3168 ’

225 3228 278 3259 88.
324 3226 451 3258 urbibus
482 3228 655 3270 regibusve]
689 3229 855 3268 significat
883 3228 1042 3259 Romanis

179 3283 300 3323 partim
331 3283 448 3315 liberis
471 3294 546 3316 cum
569 3285 776 3325 civitatibus,
811 3286 933 3325 partim
966 3295 1041 3316 cum

178 3339 313 3379 regibus
336 3340 592 3381 depugnandum
616 3342 728 3374 fuisse.
762 3343 804 3373 cf.
828 3342 915 3374 Anu.
940 3344 972 3381 4,
997 3343 1040 3373 32

178 3396 423 3437 apuymtiorm
436 3398 570 3438 urbium,
584 3397 683 3438 funos
699 3404 867 3440 captosque
883 3409 980 3438 reyes.
997 3416 1040 3421 —

1079 2610 1151 2631 sae:
1184 2601 1331 2639 Vacuum,
1358 2596 1526 2645 εὔσχολον,
1554 2596 1743 2643 εὔκαιρον.“
1768 2603 1856 2632 Ean.
1890 2601 1945 2633 Sic

1079 2659 1163 2689 Ann.
1192 2659 1252 2698 13,
1279 2661 1319 2690 3:
1353 2659 1464 2697 quibus
1499 2659 1630 2690 otiosum
1662 2663 1717 2690 est.
1753 2677 1798 2682 —
1831 2659 1944 2698 prima

1078 2715 1161 2745 inter
1188 2720 1301 2755 patres
1330 2716 1512 2754 plebemque
1546 2716 1731 2757 certamina]
1765 2716 1946 2746 certamina

1080 2772 1163 2803 dicit
1185 2773 1273 2803 inter
1295 2773 1504 2803 nobilitatem
1537 2776 1571 2803 et
1594 2773 1771 2803 factionem
1805 2773 1944 2811 popula-

1078 2838 1168 2860 rem:
1211 2839 1294 2869 quae
1325 2830 1418 2869 prius
1451 2830 1576 2868 agitata
1600 2833 1678 2860 sunt
1701 2829 1743 2860 ab
1769 2828 1944 2859 ordinibus

1078 2886 1294 2925 patriciorum
1330 2886 1521 2926 plebisque,
1559 2886 1593 2916 in
1618 2886 1659 2916 iis
1688 2886 1731 2915 ad
1764 2885 1944 2916 seditiones

1078 2946 1111 2974 et
1134 2951 1263 2982 pugnas
1286 2952 1353 2973 non
1378 2943 1446 2974 fere
1470 2953 1523 2973 res
1547 2951 1722 2982 progressa
1744 2945 1803 2972 est.
1827 2941 1937 2972 Rmer.

1078 3000 1127 3030 Ne
1145 2999 1247 3038 igitur
1264 3000 1409 3030 conicias
1425 3009 1465 3029 ex
1483 2999 1634 3029 Sallustii
1651 2999 1727 3029 loco
1751 3007 1812 3038 pro
1830 2999 1943 3038 pm'ma

1076 3056 1286 3088 scribendum
1311 3066 1383 3087 esse
1401 3056 1553 3095 plurima,
1579 3056 1620 3086 cs.
1645 3056 1735 3086 Flor.
1755 3057 1786 3094 2,
1805 3056 1845 3086 2:
1869 3055 1941 3086 Pri-

1075 3123 1160 3144 mam
1192 3114 1396 3144 certaminum
1424 3112 1534 3151 facem
1561 3111 1608 3142 1¹5.
1634 3112 1799 3143 Gracchus
1831 3122 1940 3144 accen-

1076 3171 1139 3208 dit,
1164 3171 1251 3201 Vell.
1279 3171 1310 3209 2,
1335 3171 1368 3209 3,
1394 3172 1432 3201 3:
1457 3170 1516 3200 hoc
1538 3169 1662 3199 initium
1684 3169 1719 3199 in
1740 3169 1817 3199 urbe
1839 3169 1940 3200 Roma

1076 3227 1179 3258 civilis
1203 3227 1368 3266 sanquinis
1390 3226 1629 3265 yladiorumque
1645 3226 1840 3266 impunitatis
1854 3226 1932 3266 finit.

1075 3285 1163 3315 Plut.
1190 3285 1241 3316 Ti.
1257 3284 1430 3315 Gracchus
1455 3284 1517 3315 20:
1541 3280 1667 3325 ταύτην
1690 3279 1828 3325 πρώτην
1851 3282 1940 3317 toro-

1077 3340 1188 3383 ροῦσιν
1211 3338 1245 3373 ἐν
1260 3337 1383 3384 Ῥώμῃ
1409 3337 1538 3379 στάσιν,
1563 3334 1623 3382 ἀφ’
1639 3332 1679 3373 οὗ
1702 3336 1741 3374 τὸ
1766 3337 1939 3384 βασιλεύε-

1077 3397 1157 3431 ozae
1179 3394 1387 3439 κατέλυσαν,
1423 3395 1541 3439 αἵματι
1573 3394 1632 3430 καὶ
1665 3393 1761 3441 φόνῳ
1796 3396 1938 3431 πολιτῶν
