2176 3672
268 282 372 327 VIII

376 431 422 480 p.
452 416 534 477 22,
573 414 604 463 l.
634 416 663 463 8
690 413 832 463 infra:
871 411 1057 461 Vellem
1082 412 1204 463 hanc
1229 412 1287 462 de
1324 411 1495 461 idolis
1521 411 1722 462 Orellii
1758 412 1852 461 mei
1887 426 2035 463 anno-
2106 380 2173 472 3<

269 504 491 554 tationem
518 503 874 552 oblitterassem.
914 501 1085 550 Melius
1111 502 1370 567 composita
1395 507 1443 551 et
1467 502 1581 551 satis
1605 502 1845 552 luculenta
1866 501 2035 551 harum

271 610 423 643 rerum
450 593 678 658 expositio
704 589 1157 653 Wackernagelii
1193 591 1442 640 invenitur.
1483 591 1535 639 Z.
1575 591 1607 640 f.
1629 591 1688 640 D.
1711 593 1771 640 A.
1793 591 1882 655 IX,
1914 591 2032 640 543.

379 730 423 778 p.
454 714 535 773 23,
575 711 605 759 l.
636 711 702 759 20
739 716 847 775 post
870 726 914 758 v.
943 726 985 758 v.
1027 709 1131 758 eine
1159 708 1219 759 G.
1258 710 1400 759 adde:
1442 710 1650 760 Dubium
1681 711 1794 760 mihi
1813 711 1912 775 jam
1938 725 2034 759 non

271 807 358 862 est,
398 802 509 865 quin
547 800 777 850 Tacitus
816 799 914 848 die
954 799 1087 848 Gew.
1128 798 1308 848 dixerit.

378 937 421 985 p.
464 922 527 967 25
566 936 611 984 p.
650 936 693 968 a.
732 918 763 967 l.
805 920 870 967 20
909 918 1051 968 adde:
1091 917 1292 980 Lexer,
1332 917 1563 967 mittelhd.
1604 919 1682 968 W.
1721 919 1788 984 11,
1830 921 1912 969 22.

376 1062 421 1110 p.
463 1046 543 1106 26,
587 1047 631 1092 5.
670 1043 1002 1094 Baumstark
1039 1043 1119 1106 (D.
1161 1043 1219 1092 U.
1255 1043 1322 1091 St.
1364 1044 1465 1091 392
1494 1044 1620 1107 sqq.)
1659 1059 1745 1094 suo
1782 1045 1922 1095 modo
1959 1044 2029 1096 la-

269 1139 398 1183 trans
440 1133 562 1183 hanc
605 1131 1036 1198 interpretationem
1080 1133 1323 1197 impugnat
1372 1138 1419 1179 et
1456 1132 1602 1181 solam
1652 1131 1878 1183 librorum
1913 1134 2030 1185 sori-

267 1229 447 1289 pturam
487 1223 704 1271 turbae
742 1221 1000 1271 rectissime
1039 1239 1089 1270 se
1127 1222 1299 1271 habere
1340 1221 1591 1283 contendit,
1645 1238 1783 1286 quam
1823 1213 2024 1288 scriptu·
2079 1288 2082 1290 .

271 1330 369 1363 ram
406 1312 570 1361 eodem
606 1311 744 1360 modo
782 1311 1111 1376 interpretatur
1149 1327 1240 1375 quo
1269 1310 1415 1359 Orelli
1452 1311 1499 1359 in
1538 1327 1623 1359 sua
1648 1311 1850 1360 editione
1876 1310 2031 1376 priore
2070 1295 2071 1298 Ἴ

273 1401 599 1466 explicaverat.
663 1401 769 1449 Hoc
806 1407 987 1466 tantum
1025 1400 1339 1463 concedimus,
1386 1401 1432 1448 in
1473 1399 1701 1465 scriptura
1738 1401 1926 1450 turba
1961 1399 2038 1465 pl.

272 1491 441 1539 rectius
468 1490 673 1555 suppleri
698 1507 743 1539 v.
784 1490 923 1555 ipsis
962 1506 1102 1554 quam
1127 1507 1171 1538 v.
1212 1489 1576 1554 principibus
1614 1489 1690 1538 vel
1729 1489 2037 1539 sacerdoti.

378 1626 423 1675 p.
454 1611 516 1658 32
556 1607 677 1674 ει.’ρ.
717 1609 837 1659 infra
872 1609 903 1657 l.
946 1610 973 1656 6
1016 1615 1124 1674 post
1162 1626 1206 1657 v.
1247 1609 1605 1674 explicavit
1641 1609 1787 1658 adde:
1822 1609 1924 1674 jam
1962 1625 2039 1658 me

274 1699 480 1763 paenitet
516 1699 637 1748 hanc
674 1698 928 1763 Kochlyi
966 1699 1281 1748 coniecturam
1320 1698 1694 1748 emendationem
1732 1715 1928 1748 vocasse
1967 1704 2037 1748 at·

274 1805 364 1852 que
401 1788 517 1837 adeo
555 1789 602 1836 in
642 1794 911 1838 contextum
950 1788 1202 1853 recepisse.

380 1923 424 1972 p.
474 1909 537 1955 38
587 1907 618 1956 l.
666 1909 711 1956 2.
776 1907 1082 1971 Schroder,
1142 1907 1315 1957 Gesch.
1358 1913 1445 1958 etc.
1491 1908 1539 1971 I,
1591 1925 1636 1973 p.
1685 1908 1773 1956 26:
1838 1906 2036 1958 Tacitus

275 1996 450 2061 spricht
475 1997 712 2046 entweder
730 2014 822 2046 von
850 1997 933 2046 der
950 1997 1270 2062 Morgengabe
1298 1997 1412 2046 oder
1436 1997 1591 2046 stellte
1617 1997 1710 2047 den
1733 1997 2035 2048 Muntsehatz

275 2085 559 2134 irrthtimlich
573 2086 642 2135 als
663 2086 765 2135 eine
782 2087 916 2135 Gabe
937 2103 997 2136 an
1018 2087 1092 2135 die
1105 2086 1231 2136 Frau
1252 2087 1349 2136 dar.
1377 2087 1681 2151 Ingeniosam
1694 2086 1883 2151 quidem
1897 2086 2038 2134 huius

274 2174 362 2222 loci
401 2175 736 2224 enarrationem
765 2176 950 2238 Sohm,
990 2175 1145 2224 iurisc.
1187 2176 1261 2237 cl.,
1302 2176 1559 2240 proposuit,
1599 2191 1692 2239 qua
1719 2174 1939 2224 Tacitum
1977 2173 2037 2223 de

275 2263 518 2312 mulierum
545 2265 913 2329 emancipatione
939 2281 1078 2328 agere
1110 2265 1269 2327 docet;
1287 2285 1293 2290 ¹
1310 2265 1394 2313 sed
1420 2264 1584 2312 mirum
1612 2264 1747 2313 nobis
1775 2263 1959 2312 videtur
1979 2262 2037 2311 Τ.

277 2351 322 2399 in
344 2352 711 2417 emancipatione
731 2353 900 2402 boves
926 2354 1143 2402 iunctos
1169 2360 1216 2402 et
1241 2353 1516 2402 frenatum
1545 2368 1741 2418 equum
1758 2366 2034 2402 memorare.

383 2487 428 2536 p.
470 2472 536 2519 40
574 2487 619 2535 p.
660 2488 702 2520 a.
743 2471 773 2519 l.
815 2474 843 2519 2
884 2472 915 2519 l.
956 2472 1015 2520 D.

385 2606 429 2654 p.
460 2589 581 2637 421.
615 2591 637 2637 l
668 2588 699 2637 l.
729 2589 939 2653 cuique.
968 2590 998 2638 l.
1029 2594 1091 2638 43
1120 2599 1225 2656 post
1251 2610 1295 2640 v.
1323 2592 1751 2642 Mutterbruder
1781 2591 1924 2642 adde:
1966 2590 2039 2641 Cf.

281 2677 450 2742 cher,
478 2678 602 2727 mhd.
626 2678 708 2752 W,
726 2696 763 2727 s.
788 2695 851 2726 xz:
881 2678 963 2727 das
987 2685 1101 2727 wort
1120 2681 1339 2730 bedentet
1360 2682 1687 2747 urspriinglich
1708 2683 1791 2732 das
1817 2682 1938 2732 haus
1956 2681 2041 2731 des

281 2766 508 2829 (kleincn)
524 2773 828 2830 grossvaters,
848 2767 950 2816 eine
966 2767 1181 2817 ahnlichv
1198 2770 1390 2834 bildung
1411 2771 1496 2819 wie
1517 2788 1615 2820 vro
1630 2771 1957 2820 uwenzimm
1970 2786 2043 2820 er.

388 2891 457 2940 Ib.
504 2908 547 2941 a.
596 2908 639 2956 p.
680 2892 708 2939 l.
757 2894 832 2940 15.
896 2892 1095 2941 Prorsus
1145 2892 1278 2952 aliter
1327 2894 1384 2942 de
1434 2896 1599 2944 aetatis
1650 2896 1893 2959 privilegio
1941 2895 2040 2945 exi-

284 2979 438 3029 stimat
489 2980 845 3033 Baumstark.
904 2981 982 3045 qui
1035 2998 1092 3031 ex
1143 3000 1182 3030 c.
1226 2984 1288 3029 32
1348 2982 1522 3046 colligit
1568 2984 1656 3032 hoc
1697 2984 2042 3034 Germanorum

284 3069 488 3117 omnium
525 3068 668 3118 fuisse
707 3086 966 3118 commune.

391 3203 435 3252 p.
476 3188 540 3236 43
579 3187 610 3236 l.
650 3189 711 3237 12
751 3189 869 3238 infra
906 3189 1009 3238 delo
1048 3205 1123 3237 vv.
1163 3198 1302 3254 post
1345 3218 1404 3225 -
1448 3191 1501 3239 C.
1533 3191 1613 3239 30.
1654 3191 1725 3240 Ib.
1765 3209 1806 3240 a.
1841 3207 1886 3256 p.
1915 3191 1944 3243 l.
1977 3194 2041 3241 29

286 3275 438 3326 scribe
475 3276 631 3346 leod.

392 3410 437 3460 p.
477 3397 540 3443 44
581 3395 611 3444 l.
652 3398 718 3444 20
756 3396 873 3446 infra
909 3397 1051 3445 adde:
1092 3396 1299 3460 cher,
1340 3397 1463 3447 mhd.
1505 3398 1582 3448 W.
1623 3416 1660 3448 s.
1702 3417 1744 3448 v.
2004 3383 2030 3413 ‘¹
2150 3388 2154 3401 '
