2176 3672
194 278 278 321 334
621 274 888 319 CORNELII
917 274 1109 319 TACITI
1139 274 1536 319 HISTORIARUM

196 393 411 436 curionem
452 391 641 446 equitum
682 389 917 444 tegebatur.
961 392 1054 433 tum
1082 388 1260 434 Alfenus
1289 388 1432 434 Varus
1459 389 1702 445 praefectus
1729 393 1966 436 castrorum

192 471 452 525 deflagrante
482 470 688 525 paulatim
718 469 926 513 seditione
954 470 1077 514 addit
1105 469 1340 524 consilium,
1367 470 1514 514 vetitis
1543 471 1662 515 obire
1680 470 1850 526 vigilias
1867 482 1965 516 cen·

193 551 451 604 tut-ionibus,
482 551 638 593 omisso
668 550 796 593 tubae
824 562 950 604 sono,
984 562 1070 605 quo
1098 549 1220 594 miles
1249 550 1305 593 ad
1333 549 1435 594 belli
1464 551 1611 594 munia
1638 551 1787 596 cietur.
1831 550 1966 606 igitur

192 636 361 687 torpere
390 631 544 684 cuncti,
575 630 927 684 circumspectare
955 629 1068 673 inter
1095 641 1144 674 se
1172 630 1346 674 attoniti
1374 634 1419 674 et
1445 630 1491 674 id
1519 631 1674 686 ipsum,
1702 631 1817 687 quod
1840 643 1964 676 nemo

156 722 176 752 ο
192 716 379 767 regeret,
410 713 633 766 paventes:
673 709 841 753 silentio
869 710 1102 764 patientia,
1130 714 1345 765 postremo
1375 710 1572 765 precibus
1600 723 1651 755 ac
1677 711 1865 756 lacrimis
1892 723 1965 756 ve-

190 793 303 836 niam
333 791 604 847 quaerebant.
649 794 700 834 ut
728 802 827 834 vero
856 787 1058 833 deformis
1097 793 1142 834 et
1170 788 1276 834 fiens
1304 794 1350 835 et
1379 795 1551 846 praeter
1585 804 1706 847 spem
1740 791 1964 837 incolumss

189 872 345 916 Valens
384 871 613 926 processit,
656 870 858 925 gaudium
899 869 1117 913 miseratio
1146 868 1289 914 favor:
1331 871 1445 915 versi
1472 872 1517 915 in
1545 871 1776 926 laetitiam,
1817 874 1869 916 ut
1892 874 1966 916 “est

187 952 337 1007 volgus
366 955 548 1006 utroque
577 951 854 1004 inmodicum,
884 950 1110 993 laudantes
1140 954 1444 1006 gratantesque
1473 952 1782 996 circumdatum
1809 950 1964 1008 aquilis

188 1032 402 1087 signisque
430 1032 474 1075 in
504 1030 692 1074 tribunal
721 1030 875 1075 ferunt.
918 1030 991 1074 ille
1010 1030 1109 1074 utili
1128 1031 1415 1075 moderatione
1438 1043 1523 1075 non
1544 1031 1800 1087 supplicium
1818 1033 1963 1077 cuius-

133 1122 174 1153 10
187 1125 313 1168 quam
343 1112 556 1167 poposcit;
601 1123 651 1155 ac
685 1124 739 1156 ne
778 1110 1052 1154 dissimulans
1088 1111 1329 1165 suspectior
1364 1110 1500 1166 foret,
1541 1114 1714 1167 paucos'
1738 1112 1960 1168 incusavit,

186 1205 343 1247 gnarus
363 1192 556 1236 civilibus
585 1191 707 1235 bellis
736 1191 835 1246 plus
864 1190 1072 1235 militibus
1092 1203 1219 1247 quam
1239 1190 1420 1235 ducibus
1447 1192 1585 1236 licere.
1645 1192 1740 1248 (30)
1769 1193 1962 1239 munien-

189 1272 304 1316 tibus
324 1276 465 1316 castra
494 1272 610 1327 apud
629 1272 822 1315 Ticinum
843 1272 898 1315 de
926 1271 1109 1315 adversa
1129 1270 1334 1315 Caecinae
1361 1284 1506 1327 pugna
1535 1272 1726 1317 adlatum
1754 1276 1802 1318 et
1826 1286 1963 1330 prope

186 1357 389 1397 renovata
418 1353 586 1406 seditio,
616 1355 818 1407 tanquam
847 1350 1000 1395 fraude
1028 1355 1072 1395 et
1101 1351 1438 1395 mmctationibus
1467 1352 1661 1397 Valentis
1689 1353 1856 1409 proelio
1884 1353 1960 1398 de·

185 1433 376 1477 fuissent.
421 1433 532 1477 nolle
569 1433 781 1488 requiem,
823 1445 906 1475 non
937 1434 1161 1486 expectare
1189 1432 1362 1486 ducem,
1401 1434 1565 1477 anteire
1593 1434 1736 1489 signa,
1777 1446 1962 1489 urguere

132 1526 171 1556 ιι
184 1513 426 1569 signiferos:
456 1514 606 1568 rapido
635 1513 803 1567 agmine
826 1512 1032 1556 Caecinae
1060 1513 1306 1566 iunguntur.
1351 1513 1604 1568 inprospera
1622 1514 1817 1558 Valentis
1843 1513 1961 1559 fama

183 1595 300 1649 apud
339 1594 567 1638 exercitum
610 1593 815 1637 Caecinae
855 1596 972 1637 erat:
1016 1592 1234 1647 expositos
1274 1605 1322 1637 se
1360 1597 1479 1637 tanto
1519 1595 1741 1649 pauciores
1780 1594 1961 1650 integris

183 1675 369 1717 hostium
403 1674 564 1718 viribus
594 1673 901 1728 querebantur,
929 1672 1058 1716 simul
1086 1673 1131 1716 in
1160 1685 1283 1716 suam
1312 1674 1624 1719 excusationem
1654 1678 1699 1719 et
1726 1675 1958 1720 adventan-

183 1755 289 1799 tium
318 1754 448 1798 robur
479 1767 557 1808 per
584 1754 872 1798 adulationem
902 1752 1168 1808 attollentes,
1198 1766 1252 1798 ne
1281 1757 1331 1797 ut
1359 1754 1463 1798 victi
1491 1758 1537 1799 et
1564 1755 1708 1810 ignavi
1736 1756 1959 1811 despecta·

181 1840 340 1880 rentur.
386 1838 430 1878 et
449 1847 691 1889 quanquam
713 1834 810 1889 plus
829 1834 997 1888 virium,
1027 1846 1160 1888 prope
1178 1834 1422 1889 duplicatus
1445 1834 1658 1891 legionum
1682 1835 1958 1881 auxiliorum·

126 1927 170 1958 so
180 1929 263 1971 que
282 1927 483 1959 numerus
502 1919 595 1959 erat
614 1914 798 1969 Valenti,
827 1914 973 1958 studia
1001 1917 1143 1958 tamen
1173 1914 1356 1959 militum
1376 1916 1420 1959 in
1440 1915 1665 1960 Caecinam
1684 1916 1957 1972 inclinabant,

180 2010 309 2051 super
341 1996 644 2051 benignitatem
674 1996 816 2049 animi,
846 2007 932 2050 qua
959 1995 1197 2050 promptior
1226 1994 1475 2050 habebatur,
1504 1996 1635 2040 etiam
1663 1997 1810 2052 vigore
1837 2000 1957 2043 aeta-

181 2078 251 2131 tis,
281 2077 536 2131 proceritate
556 2075 745 2130 corporis
766 2079 810 2119 et
829 2076 1014 2131 quodam
1043 2075 1159 2119 inani
1187 2074 1343 2120 favore.
1386 2076 1486 2122 hinc
1505 2077 1736 2123 aemulatio
1753 2077 1955 2123 ducibus:

180 2157 360 2202 Caecina
389 2160 439 2201 ut
467 2155 635 2201 foedum
666 2169 716 2200 ac
744 2155 1020 2210 maculosum,
1049 2155 1122 2199 ille
1147 2159 1196 2200 ut
1219 2157 1429 2200 tmnidum
1451 2169 1501 2202 ac
1519 2170 1674 2203 vanum
1702 2158 1954 2204 inridebant.

271 2320 287 2350 1
313 2318 456 2350 alienius
523 2319 543 2349 2
568 2318 732 2349 seditione
756 2318 878 2356 (notam
901 2318 963 2349 del.
989 2318 1054 2357 lm)
1125 2318 1266 2350 circuire
1289 2318 1324 2349 εἴη
1347 2328 1451 2358 maru.
1470 2322 1522 2352 2m
1592 2322 1613 2353 ⁶
1637 2320 1757 2361 pcibus
1825 2322 1846 2353 6
1870 2331 1951 2363 qua·

179 2364 296 2395 rebant
389 2366 408 2396 ‘1
444 2362 539 2394 fabor
569 2363 628 2394 sed
648 2375 730 2395 corr.
758 2367 808 2395 lm
901 2367 943 2397 1⁸
969 2363 1038 2404 plio
1134 2366 1175 2396 15
1210 2364 1324 2405 cecine
1428 2367 1468 2397 21
1506 2365 1715 2399 habebantur
1737 2366 1776 2411 (n
1798 2367 1860 2400 dol.
1885 2367 1952 2412 ln)

178 2410 245 2441 etia
336 2412 378 2442 22
405 2410 518 2441 saborc
542 2409 601 2441 sed
621 2420 703 2441 corr.
730 2412 781 2441 lm
874 2411 916 2443 23
943 2409 1021 2450 sedfi

178 2570 264 2601 Ilist-
291 2572 323 2607 4.
346 2571 388 2603 38
413 2570 581 2609 eyreqium,
607 2570 720 2610 inquit,
738 2571 876 2611 pretium
899 2571 1044 2602 labor-nm
1077 2580 1147 2602 rum
1164 2580 1273 2611 poena
1295 2572 1364 2603 erit.
1412 2572 1515 2614 Atqui
1543 2583 1658 2607 omnes
1692 2574 1842 2609 seditiosi
1874 2576 1948 2610 sne-

176 2627 291 2667 recepi,
314 2637 417 2658 necem
431 2627 554 2667 fratris
571 2631 634 2660 etc.
658 2646 702 2652 —
727 2629 902 2666 comam,
927 2630 1041 2673 vetitis]
1077 2631 1162 2660 rant.
1189 2629 1276 2660 Em«.

178 2682 392 2727 βραχυλογία,
418 2694 478 2725 pro
503 2695 568 2725 qua
590 2686 677 2717 alius
700 2687 844 2727 scriptor
869 2688 966 2719 facile
993 2689 1041 2719 di·
1123 2686 1175 2718 ⁸0.
1224 2690 1314 2718 tanto
1340 2687 1523 2729 pauciores]
1559 2689 1601 2721 de
1630 2699 1767 2723 numero
1800 2690 1947 2724 mium

179 2742 297 2772 xissct:
324 2742 511 2773 nemeen-‘m
527 2742 614 2773 obire
630 2743 757 2783 viqn'ln'as
774 2745 979 2776 cenem-iones.
998 2763 1040 2769 —
1076 2744 1120 2775 cf.
1147 2746 1177 2783 1,
1203 2745 1243 2776 61
1272 2749 1305 2776 et
1329 2746 1383 2777 64.
1409 2763 1452 2769 -
1486 2746 1581 2777 ὑιαιιί
1602 2745 1737 2789 favero]
1770 2757 1815 2788 „a
1837 2747 1948 2781 canals

173 2800 340 2840 mimia]
356 2799 467 2830 Malim
480 2800 681 2839 poenitentia.
702 2801 797 2834 ans.
832 2802 929 2834 Haud
947 2812 1039 2843 opus.
1077 2801 1232 2833 inanibus
1266 2806 1362 2842 orto,
1399 2802 1446 2834 ita
1470 2807 1506 2835 ut
1529 2804 1595 2845 ipsi
1629 2814 1734 2846 prope
1765 2804 1945 2847 nesciunt,

178 2856 345 2887 Patieuter
377 2866 415 2887 ac
450 2856 549 2888 tacite
584 2857 732 2890 serebant
763 2858 859 2890 istam
891 2860 1040 2891 omissio·
1076 2868 1135 2890 cur
1158 2862 1331 2899 tantopere
1355 2861 1518 2893 Caecinae
1542 2862 1731 2894 faverent.“
1754 2863 1796 2895 cs.
1823 2865 1854 2902 1,
1879 2862 1943 2896 ³⁸2

179 2922 251 2943 nem
276 2914 467 2951 solitorum,
495 2924 558 2945 non
585 2915 781 2954 frementes,
807 2926 873 2947 non
898 2917 1040 2949 irascen-
1076 2914 1215 2946 Caecina
1238 2915 1370 2948 decorus
1394 2917 1529 2957 ἁιυιιιω,
1554 2928 1686 2960 corpore
1701 2920 1820 2961 hom,
1843 2920 1947 2953 aa&

179 2975 236 3000 tes.
265 2970 349 3001 Ειιιι.
396 2971 469 3009 Quo
494 2971 622 3003 scilicet
647 2982 712 3004 non
730 2978 965 3014 exasperarent
982 2975 1040 3006 Al-
1075 2971 1260 3010 mdical,
1289 2975 1366 3005 teilo
1388 2984 1537 3015 termene,
1562 2981 1664 3009 eredo
1688 2977 1812 3010 ἰῆσθαι
1834 2974 1944 3010 du&

180 3027 289 3057 fenum
323 3031 421 3066 atquc
447 3028 475 3058 is
501 3028 647 3067 ipsorum
673 3030 833 3069 patientia
857 3031 956 3063 citius
980 3033 1039 3063 mi·
1075 3029 1206 3061 maman
1240 3030 1405 3063 anteum.
1429 3051 1474 3057 —
1497 3034 1632 3074 foedum
1661 3045 1705 3067 οι
1734 3034 1940 3078 nae-lom]

178 3083 347 3120 tia-retur.
379 3101 423 3107 —
459 3089 492 3114 ιιι
527 3090 571 3115 ιιι
607 3086 725 3126 aalma}
767 3088 808 3118 ad
842 3089 1039 3121 sententiam
1075 3087 1173 3119 Refer
1188 3086 1231 3118 ad
1247 3088 1319 3120 eius
1343 3088 1517 3122 libidinem
1542 3095 1575 3123 et
1599 3093 1829 3133 rapacitatem,
1853 3101 1940 3134 quaa

178 3141 218 3170 cs,
249 3143 277 3177 1,
304 3142 356 3171 89.
384 3158 426 3163 ——
458 3153 545 3181 penu
546 3143 593 3183 οι]
630 3143 763 3184 Lipsius
788 3146 933 3187 malebpt
954 3157 1041 3186 pau-
1075 3144 1159 3176 vitia
1181 3144 1216 3175 in
1242 3144 1381 3178 Valente
1405 3148 1516 3188 arguit
1539 3149 1638 3181 etiam
1666 3152 1705 3190 1,
1730 3150 1796 3182 ee:
1826 3148 1940 3182 Valu-

178 3207 222 3225 ru
247 3197 319 3227 wil
365 3198 431 3227 <rbi
407 3209 467 3236 ιιι
503 3200 559 3230 sed
586 3210 700 3233 sensus
725 3206 793 3233 ost:
821 3213 912 3242 „non
938 3204 1039 3236 totius
1072 3205 1133 3233 tem
1155 3212 1274 3242 neom:
1301 3204 1440 3243 pecunia
1474 3210 1617 3246 enipeum.
1643 3224 1688 3230 —
1712 3206 1855 3247 quoe-'esu
1882 3216 1940 3249 ps-

178 3253 384 3284 exercitui.-
387 3259 454 3286 tum
472 3257 626 3296 furorem,
651 3259 708 3290 scd
726 3268 906 3299 paucorum
924 3261 1039 3301 fuisse,
1074 3258 1186 3290 cuniae
1219 3260 1355 3291 nm
1387 3260 1523 3300 ἄοικα,
1560 3263 1678 3304 supr-is
1712 3268 1742 3296 et
1770 3258 1939 3299 adnuente

178 3309 235 3348 qni
260 3310 439 3341 exercitum
464 3314 722 3346 οοηοίικκιιι“
761 3315 885 3349 Eadem
910 3317 1038 3350 ratione
1073 3315 1276 3348 aeneam.
1325 3318 1450 3350 Eadem
1483 3320 1724 3360 compositione
1751 3331 1806 3354 vv.
1833 3323 1939 3356 utitur

180 3375 259 3397 usus
282 3366 369 3397 Otho
398 3371 426 3406 1,
453 3370 515 3400 84ε
543 3371 717 3402 Paucorum
734 3373 829 3414 culpa
848 3373 937 3414 susti
961 3374 1038 3406 ἄιιο-
1073 3373 1113 3406 Δ.
1142 3374 1194 3414 1⁸,
1220 3374 1272 3407 ³8.
1308 3375 1352 3406 11.
1379 3377 1410 3416 l,
1436 3378 1467 3408 ⁶1.
1492 3394 1536 3401 —
1570 3377 1764 3421 inridebant]
1801 3378 1843 3412 do
1877 3389 1939 3412 1111·
1984 3366 1989 3371 ⁸
