2176 3672
130 2778 135 2782 ,
187 2744 382 2790 ἱδρυῧέντας
400 2745 599 2781 συνοικίσαι·
625 2745 684 2781 καὶ
708 2742 817 2787 οὕτως
841 2746 961 2782 ἐκεῖνοι
978 2745 1054 2782 ὑπο-

683 228 856 271 LIBER
884 228 917 270 Ι.
977 226 1079 281 Cap.
1102 226 1169 270 64.
1201 225 1268 270 65.
1301 226 1367 270 66.
1398 226 1465 270 67.
1878 230 1964 272 283

187 344 421 387 Romanam
462 345 504 386 et
541 345 707 397 partem
748 342 957 384 exercitus
997 344 1040 384 et
1079 354 1380 396 prosperarum
1420 345 1780 399 adversarumque
1820 356 1964 387 rerum

188 423 338 467 socios.
383 423 421 466 si
455 421 628 473 fortuna
664 425 812 464 contra
851 422 992 474 daret,
1034 422 1156 464 iratis
1195 435 1249 465 ne
1287 422 1637 478 relinquerentur.
1697 423 1792 479 (66)
1822 424 1890 467 his
1920 427 1965 467 et

187 502 383 558 pluribus
412 503 454 545 in
485 503 663 545 eundem
692 502 863 544 modum
894 501 1190 556 perpulerant,
1232 505 1281 545 ut
1310 516 1363 546 ne
1391 504 1523 558 legati
1553 505 1725 559 quidem
1754 517 1804 547 ac
1834 505 1964 547 duces

187 583 376 638 partium
406 582 613 636 restingui
651 595 778 636 posse
806 582 1069 624 iracundiam
1100 583 1309 626 exercitus
1340 583 1672 638 arbitrarentur,
1714 597 1809 627 cum
1846 585 1964 627 haud

187 663 327 718 ignari
355 662 610 706 discriminis
640 662 707 705 sui
735 662 994 705 Viennenses
1024 663 1263 706 velamenta
1292 667 1335 706 et
1364 663 1520 707 infulas
1550 663 1860 719 praeferentes,
1890 664 1963 707 ubi
2000 675 2019 704 5

188 755 338 798 agmen
363 743 607 795 incesserat,
638 755 757 785 arma
779 755 917 796 genua
938 743 1121 797 vestigia
1142 744 1382 798 prensando
1406 743 1560 787 flexere
1582 745 1764 787 militum
1788 745 1961 788 animos.

187 823 355 866 addidit
372 822 530 866 Valens
560 826 752 865 trecenos
782 823 961 877 singulis
990 823 1196 866 militibus
1218 825 1451 867 sestertios.
1494 828 1586 867 tum
1609 828 1801 868 vetustas
1824 825 1962 879 digni-

186 906 338 958 tasque
377 902 566 946 coloniae
603 903 739 945 valuit
778 906 822 946 et
858 902 988 946 verba
1016 903 1122 946 Fabi
1163 904 1345 947 salutem
1386 905 1806 960 incolumitatemque
1833 906 1962 948 Vien-

185 982 376 1026 nensium
422 983 752 1026 commendantis
792 984 939 1038 aequis
979 983 1153 1026 auribus
1194 988 1380 1039 accepta.
1440 985 1608 1039 publice
1650 989 1791 1028 tamen
1833 986 1962 1028 armis

184 1062 357 1106 multati
385 1063 565 1117 privatis
596 1066 639 1106 et
667 1064 922 1117 promiscuis
953 1064 1085 1118 copiis
1115 1064 1260 1107 iuvere
1288 1064 1477 1107 militem.
1523 1066 1599 1108 sed
1627 1064 1744 1108 fama
1764 1070 1961 1109 constans
1977 1078 2019 1109 ιο

184 1141 269 1186 fuit
297 1143 437 1197 ipsum
466 1142 687 1186 Valentem
716 1156 870 1198 magna
899 1145 1079 1198 pecunia
1107 1147 1307 1198 emptum.
1354 1145 1390 1188 is
1422 1146 1497 1188 diu
1527 1146 1750 1199 sordidus,
1790 1150 1963 1200 repente

186 1223 306 1266 dives
333 1223 612 1266 mutationem
641 1222 839 1267 fortunae
868 1224 977 1266 male
1006 1224 1200 1278 tegebat,
1239 1226 1426 1268 accensis
1457 1228 1648 1279 egestate
1685 1226 1814 1280 longa
1843 1227 1961 1280 cupi-

187 1302 356 1346 dinibus
377 1303 668 1346 inmoderatus
692 1307 735 1346 et
755 1304 873 1358 inopi
895 1304 1069 1347 iuventa
1088 1317 1214 1348 senex
1237 1306 1455 1359 prodigus.
1487 1305 1602 1348 lento
1619 1307 1773 1349 deinde
1796 1307 1962 1360 agmine

185 1395 264 1437 per
290 1381 395 1426 fines
424 1382 703 1438 Allobrogum
744 1395 794 1426 ac
821 1383 1126 1427 Vocontiorum
1164 1385 1319 1428 ductus
1357 1387 1587 1440 exercitus,
1628 1387 1723 1441 ipsa
1761 1387 1962 1430 itinerum

183 1463 327 1517 spatia
355 1466 399 1506 et
427 1463 680 1506 stativorum
710 1464 969 1507 mutationes
993 1465 1240 1508 venditante
1270 1466 1390 1519 duce,
1420 1465 1557 1509 foedis
1586 1467 1854 1521 pactionibus
1885 1469 1960 1511 ad·
1975 1479 2017 1510 15

184 1555 332 1586 versus
360 1556 628 1597 possessores
659 1557 860 1598 agrorum
884 1548 927 1587 et
947 1545 1226 1599 magistratus
1248 1546 1484 1599 civitatum,
1515 1548 1622 1590 adeo
1648 1548 1882 1602 minaciter,
1912 1551 1963 1591 ut

183 1622 300 1666 Luco
330 1621 625 1679 (municipium
653 1625 700 1667 id
727 1625 1033 1668 Vocontiorum
1064 1625 1148 1681 est)
1177 1624 1292 1669 faces
1323 1627 1580 1681 admoverit,
1621 1628 1754 1671 donec
1782 1629 1963 1682 pecunia

185 1703 468 1758 mitigaretur.
518 1705 714 1759 quotiens
754 1705 959 1759 pecuniae
997 1705 1180 1748 materia
1220 1707 1405 1760 deesset,
1451 1708 1614 1762 stupris
1654 1712 1698 1751 et
1739 1709 1962 1751 adulteriis

186 1783 453 1827 exorabatur.
498 1784 560 1827 sic
590 1786 646 1827 ad
674 1785 806 1839 Alpes
835 1788 1097 1840 perventum.

299 1864 391 1916 (67)
419 1863 523 1907 Plus
551 1865 739 1918 praedae
769 1877 818 1908 ac
833 1866 1057 1923 ‘sanguinis
1079 1879 1156 1921 per
1177 1866 1400 1910 Caecinam
1422 1867 1635 1910 haustum.
1681 1868 1962 1912 inritaverant
1974 1880 2018 1912 20

185 1943 405 1987 turbidum
442 1944 656 1999 ingenium
685 1944 893 1999 Helvetii,
933 1945 1100 1990 Gallica
1138 1959 1263 2001 gens,
1304 1947 1406 1990 olim
1446 1949 1575 1991 armis
1615 1949 1823 2003 virisque,
1865 1962 1961 1993 mox

281 2062 300 2092 2
337 2055 500 2091 &traderet
594 2061 614 2092 3
649 2070 690 2092 ne
723 2061 771 2092 Io.
797 2062 853 2092 st.
880 2062 1079 2093 Gronovius.-
1112 2073 1173 2094 nec
1257 2065 1277 2094 4
1313 2067 1425 2104 posset
1510 2066 1529 2095 5
1565 2064 1688 2106 ignaris
1776 2067 1793 2096 7
1831 2068 1962 2096 uetusta

187 2107 208 2138 8
232 2105 361 2137 niensis
443 2106 462 2136 9
487 2106 622 2137 auribus
644 2105 683 2137 b:
706 2107 860 2147 saxurib3
884 2108 975 2149 (mox
998 2108 1132 2140 auribus
1158 2108 1288 2149 Μήδαν)
1367 2109 1497 2150 publice
1581 2111 1623 2141 10
1657 2110 1797 2149 privatis
1822 2110 1867 2152 et]
1889 2111 1956 2151 pri-

186 2151 289 2183 vatim
313 2152 351 2182 L.
377 2151 511 2191 Spengel
580 2154 622 2184 12
646 2154 782 2184 mutatio
803 2151 809 2197 Ι
829 2153 919 2185 tion&
943 2152 1016 2197 (sic)
1097 2155 1139 2185 13
1163 2156 1330 2195 agminine
1417 2157 1455 2186 14
1481 2155 1686 2195 Allobrogfia
1706 2155 1711 2198 Ι
1733 2165 1771 2187 ac
1838 2166 1960 2187 uocan-

185 2197 306 2229 tiorum
338 2198 387 2241 (in
416 2208 518 2237 mar-9.
550 2198 637 2229 conti
673 2197 737 2242 2111)
825 2201 867 2230 16
901 2200 984 2239 fedis
1068 2201 1111 2232 20
1145 2211 1205 2241 per
1238 2201 1414 2233 Caecinam
1446 2202 1598 2233 haustum
1632 2202 1770 2232 Mei-«rer.-
1802 2201 1826 2242 ᾗ
1849 2203 1962 2242 cecina

186 2243 296 2275 hausit
366 2246 406 2275 21
435 2244 556 2275 helueti
624 2244 702 2276 olim
723 2244 913 2276 Bhenanus.-
937 2246 1033 2277 solim

187 2349 222 2378 et
242 2346 296 2378 hie
319 2349 472 2378 externos
503 2347 670 2380 immixtos
692 2348 758 2379 Dio
783 2348 899 2380 suadet
922 2349 986 2389 46,
1010 2349 1053 2381 50
1089 2349 1153 2380 iuri
1187 2349 1346 2390 dicundo,
1387 2350 1586 2389 gessissent,
1627 2350 1734 2382 aditus
1767 2350 1802 2381 in
1837 2351 1960 2382 curiam

187 2403 230 2435 ad
253 2413 282 2436 a.
307 2413 339 2435 11.
367 2405 430 2436 ’111
443 2427 451 2443 ,
488 2404 545 2435 ubi
577 2409 692 2437 narrat
722 2405 842 2437 milites
865 2406 999 2437 Antonii
1023 2409 1056 2438 et
1089 2407 1240 2446 patuerit.
1277 2424 1320 2430 —
1359 2407 1391 2437 si
1411 2407 1552 2447 sor-tuna
1584 2412 1696 2438 contra
1728 2407 1833 2448 daret]
1868 2408 1959 2439 Idem

186 2461 226 2492 L.
250 2461 387 2493 Munatii
410 2462 544 2502 Planci,
579 2472 621 2494 ne
645 2462 722 2502 quid
745 2462 938 2504 turbarent,
962 2473 982 2495 a
1005 2474 1055 2495 se·
1091 2458 1312 2506 εὖφημισμός
1335 2463 1422 2495 Ann.
1449 2466 1501 2503 15,
1529 2466 1571 2495 13
1596 2465 1646 2503 „si
1671 2465 1801 2495 fortuna
1823 2465 1857 2495 in
1881 2474 1957 2496 con-

186 2521 267 2550 natu
288 2519 395 2551 iussos
419 2529 491 2551 esse
523 2516 604 2558 τοῦς
627 2516 667 2553 ἐκ
691 2516 853 2563 Οὖιέννης
876 2520 941 2563 τῆς
963 2519 1054 2563 Ναρ-
1090 2521 1224 2552 trariam
1247 2525 1376 2561 partem
1400 2521 1472 2560 iret,
1497 2522 1624 2553 faveret
1647 2521 1879 2552 adversariis.“

188 2573 360 2620 βωνησίας
393 2572 458 2610 dud
491 2575 557 2610 τῶν
587 2572 813 2621 ’Δλλοβρίγων
845 2575 926 2611 ποτὲ
959 2575 1055 2611 ἐκπε-

188 2629 311 2671 σόντας
344 2630 403 2666 καὶ
432 2629 467 2671 ἐς
500 2630 538 2667 τό
572 2630 699 2676 μεταξὺ
734 2633 794 2668 τοῦ
827 2645 864 2668 τε
893 2631 1054 2669 Ῥοδανοῦ

186 2688 247 2724 καὶ
268 2690 327 2724 τοῦ
350 2685 547 2733 Ἀράριδος,
571 2682 599 2735 ᾖ
623 2688 865 2733 συμμίγνυνται
886 2687 1054 2734 ἀλλήλοις,

1138 2614 1190 2644 66.
1247 2610 1479 2655 Vocontim-um]
1521 2612 1633 2652 populi
1668 2611 1794 2643 Galliae
1831 2612 1958 2643 Narbo-

1091 2670 1222 2707 nensis,
1258 2670 1354 2700 hodie
1380 2669 1548 2709 Dauphind
1578 2672 1610 2700 et
1643 2670 1762 2708 partim
1787 2669 1956 2700 Provence.

1090 2726 1213 2757 Eorum
1237 2730 1334 2766 caput
1357 2726 1471 2764 Vasio,
1494 2726 1589 2757 hodie
1614 2726 1743 2757 Vaison.
1767 2743 1812 2750 —
1837 2727 1956 2768 spatia]

189 2801 360 2846 μείναντες
381 2801 420 2838 τὸ
438 2802 685 2847 Δουγούδουνον
709 2801 769 2847 μὲν
794 2801 983 2848 &venenosa
1000 2804 1054 2839 νῦν
1071 2766 1074 2811 Ι
1090 2793 1150 2823 per
1182 2784 1263 2814 fines
1295 2784 1508 2823 p⁰pu¹⁰r¹¹m'
1543 2784 1597 2822 qni
1629 2792 1702 2813 eum
1733 2787 1955 2823 ⁰⁰rmp⁶r⁸nt’

1089 2840 1208 2871 itinera
1244 2841 1360 2871 diurna
1396 2840 1537 2871 faciebat
1576 2840 1718 2879 maiora,
1760 2848 1825 2879 quo
1861 2840 1956 2872 eitius

189 2856 229 2894 δί
261 2858 471 2904 Λούγδουνον
506 2858 709 2904 καλούμενον
748 2858 916 2896 ἔκτισαν.“
958 2863 1053 2893 Lxrs.
1201 2898 1208 2905 ·
1769 2896 1778 2904 ·
1908 2897 1915 2906 ⁸

190 2917 341 2951 ceum
379 2920 500 2950 Paulus
532 2919 571 2949 fr.
598 2919 629 2950 8·
664 2918 684 2958 ξ
712 2921 740 2950 1.
774 2920 815 2950 D.
850 2921 912 2959 50,
939 2922 981 2952 15
1015 2921 1054 2951 de
1090 2897 1273 2937 sumptibus
1297 2898 1502 2935 levarentur3
1528 2897 1615 2936 apud
1632 2906 1699 2935 eos,
1724 2906 1779 2936 qun
1800 2906 1955 2936 pecunias

190 2974 307 3007 cmm:
330 2976 554 3016 Modumnw
579 2976 680 3015 Gaui,
704 2963 777 3007 m
810 2977 997 3008 Viennenses
1021 2978 1055 3007 in
1090 2964 1154 2985 non
1173 2955 1351 2992 solverant,
1369 2955 1488 3018 diutius
1504 2953 1777 3019 commorabatur.
1795 2971 1839 2977 —-—
1854 2954 1953 2995 Luco]

189 3031 392 3064 Narbmni
418 3034 498 3065 iun..
523 3033 634 3064 Italia.
654 3038 736 3064 wm-
776 3034 818 3065 cf·
843 3035 969 3065 pucha
994 3034 1054 3066 Ge·
1089 3011 1198 3042 Lucus
1223 3012 1374 3050 Augusti,
1399 3011 1536 3045 Ρ1111.3,
1554 3013 1586 3049 4,
1605 3012 1658 3049 37,
1684 3010 1781 3042 hodie
1805 3011 1883 3042 Luc.
1910 3029 1953 3034 —

189 3089 322 3121 ,m
346 3091 399 3121 des
424 3090 536 3122 &clm
559 3089 610 3121 bei
631 3090 700 3121 dem
722 3093 799 3121 rem·
827 3091 914 3121 νοω
940 3091 1054 3121 Zweoee
1082 3068 1240 3107 pecuniae
1255 3065 1404 3110 maten'a]
1430 3068 1504 3097 Non
1532 3067 1720 3107 intellegam
1737 3068 1952 3107 occasionem,

189 3143 279 3186 Aust.
319 3148 450 3187 Leipziq
483 3149 580 3180 1845·
615 3158 647 3188 p.
673 3149 739 3179 412
758 3157 847 3187 seqq*
895 3148 933 3178 Id
968 3148 1053 3186 quod
1089 3128 1292 3163 praetextum
1315 3124 1548 3163 postulandae,
1583 3124 1640 3155 sed
1664 3124 1850 3156 facultatem
1874 3126 1953 3156 dan—

1089 3181 1169 3211 dae:
1197 3180 1274 3218 „ubi
1299 3184 1432 3219 propter
1457 3180 1600 3220 inopiam
1624 3181 1762 3221 pecunia
1787 3191 1852 3212 non
1878 3192 1953 3222 pos-

190 3211 256 3234 non
285 3204 439 3243 impedit,
474 3214 538 3244 quo
572 3205 680 3236 minus
713 3205 778 3236 iam
801 3204 893 3243 lonqo
918 3209 1054 3244 tempore
1089 3241 1139 3268 set
1163 3238 1284 3267 solvi.‘⁴

190 3261 266 3289 ante
288 3258 461 3291 Claudium
484 3261 721 3292 Viennensium
745 3261 963 3302 primoribus,
998 3261 1053 3299 qui

191 3314 277 3345 domi
313 3325 388 3346 suae
424 3318 653 3357 magistratus,
689 3327 722 3348 v.
747 3327 773 3350 c.
811 3318 1053 3349 duumviratum
1136 3317 1187 3347 67.
1237 3315 1325 3358 olim]
1351 3319 1524 3354 antequam
1549 3316 1669 3348 devicti
1694 3321 1802 3349 essent
1827 3328 1846 3349 11
1872 3319 1952 3350 Cae-
