2176 3672
863 244 966 302 cap.
991 246 1060 287 36.
1084 245 1154 287 37.
1833 246 1888 289 65

93 363 283 419 *eam
309 346 382 403 diu
409 349 556 417 pacem
584 358 806 402 inlacessiti
836 358 1082 401 nutrierunt.
1113 357 1236 415 idque
1266 356 1481 400 iucundius
1513 372 1634 415 quam
1656 358 1783 400 tutius
1800 358 1890 413 fuit,

93 483 96 486 ,
117 437 230 502 ψ
239 437 350 483 haer
376 437 640 506 impotentes
658 439 704 479 et
730 434 889 479 validos
910 435 1014 479 falso
1036 435 1249 492 quiescas:
1281 435 1350 478 ubi
1369 449 1495 478 manu
1513 436 1662 492 agitur,
1692 434 1893 478 modestia

74 511 79 516 “
116 519 182 563 'aa
191 507 400 574 probiffis
406 514 573 558 nomina
602 513 826 571 superioris
858 516 966 556 sunt.
998 513 1055 556 ita
1086 513 1155 570 qui
1187 513 1287 555 olim
1314 512 1411 556 boni
1440 513 1645 570 aequique
1678 511 1893 567 Cherusci,

48 582 82 655 {s
117 604 230 642 ωηο
255 593 412 636 inertes
432 605 481 635 ac
511 591 625 634 stulti
663 594 884 635 vocantur·
927 589 1088 633 Chattis
1118 590 1339 634 victoribus
1380 590 1545 633 fortuna
1573 591 1616 633 in
1653 590 1895 647 sapientiam

17 681 35 708 ἢ
75 671 86 712 s
119 669 260 725 cessit.
290 669 546 714 tractiruina
576 668 883 719 Cheruscorum
922 672 965 711 et
999 667 1125 723 Fosi,
1173 664 1426 711 contermina
1466 681 1595 724 gens:
1632 666 1924 712 adversarums

38 784 43 789 ⁷.
120 760 261 793 rerum
289 760 346 791 ex
374 761 510 804 aequo
540 747 640 790 socii
670 750 780 801 sunt,
811 760 904 789 cum
933 746 976 788 in
1007 745 1198 788 secundis
1229 745 1410 788 minores
1440 745 1630 787 fuissent.

241 825 333 881 (37)
362 823 553 868 Eundem
569 824 815 868 Germaniae
847 824 982 866 sinum
1011 822 1191 880 proximi
1213 821 1381 865 Oceano
1404 821 1559 864 Cimbri
1579 825 1743 876 tenent,
1772 836 1900 879 parva

121 915 232 947 nunc
261 902 427 957 civitas,
468 901 544 944 sed
574 902 704 958 gloria
733 902 905 958 ingens,
947 900 1185 956 veterisque
1226 899 1359 942 famae
1395 899 1479 942 lata
1509 899 1686 956 vestigia
1714 903 1898 954 manent,

121 982 296 1038 utraque
341 980 431 1037 ripa
474 982 610 1022 castra
652 993 701 1022 ac
740 979 894 1036 spatia,
936 991 1112 1035 quorum
1156 976 1311 1019 ambitu
1354 990 1464 1018 nunc
1508 990 1671 1033 quoque
1717 977 1899 1019 metiaris

122 1057 278 1101 molem
310 1070 539 1114 manusque
576 1057 711 1113 gentis
748 1060 792 1098 et
827 1059 913 1099 tam
948 1055 1086 1111 magni
1124 1054 1262 1096 exitus
1298 1053 1435 1096 fidem.
1480 1054 1822 1096 sescentesimum
1859 1058 1903 1096 et
1915 1068 1948 1094 ιο

125 1133 484 1192 quadragesimum
526 1148 679 1177 annum
728 1133 826 1176 urbs
870 1136 1014 1175 nostra
1064 1130 1235 1188 agebat,
1283 1144 1378 1173 cum
1421 1131 1598 1188 primum
1644 1131 1903 1174 Cimbrorum

234 1255 263 1284 1.
284 1251 464 1284 iocundcus
485 1253 516 1283 A
530 1252 566 1284 C.
587 1269 625 1274 -
648 1254 678 1283 2.
700 1251 864 1293 &potentes
884 1250 924 1281 Δ.
945 1248 1132 1290 inpotentes
1153 1249 1225 1280 BC.
1260 1266 1298 1271 —
1330 1251 1359 1280 3.
1381 1248 1522 1279 nomina
1541 1249 1749 1283 Puteolanus.
1770 1248 1904 1280 nomine

127 1306 194 1339 AB
207 1305 244 1338 C.
266 1323 304 1329 —
325 1309 356 1337 4.
377 1303 525 1337 inker-tes
546 1306 581 1337 C.
604 1322 643 1328 —-
666 1303 766 1336 cattis
786 1305 824 1336 B.
840 1321 879 1326 —
902 1305 930 1334 5.
952 1301 1039 1334 tacti
1054 1302 1167 1333 ABG.
1191 1319 1229 1325 -
1253 1300 1496 1333 ckeruscorum
1514 1303 1553 1334 Β.
1577 1300 1845 1334 cheruschorum
1866 1303 1905 1334 A.

128 1367 339 1435 affamu-
353 1400 389 1432 C.
404 1417 444 1423 —
463 1399 533 1441 fosi
548 1400 583 1430 C.
600 1367 677 1440 s'scs‘z3
688 1400 726 1430 B.
745 1398 818 1439 fusi
832 1399 871 1428 A.
887 1415 925 1420 --
948 1352 1312 1428 adfflzfn‘alffff-erum
1326 1397 1403 1428 AB.
1427 1395 1668 1429 aduersarium
1684 1407 1800 1428 rerum
1814 1397 1850 1428 C.
1866 1414 1904 1420 -

129 1455 160 1486 7,
179 1452 293 1485 sinum
310 1453 388 1485 Ac.
409 1452 512 1484 situm
530 1453 569 1484 B.
592 1470 631 1475 —
653 1449 774 1483 cimbri
794 1452 870 1482 AC.
893 1447 1023 1492 cymbrt‘
1042 1451 1080 1481 B.
1103 1467 1142 1473 -
1165 1452 1195 1481 9.
1218 1447 1380 1481 ambitum
1401 1450 1479 1482 AC.
1502 1467 1540 1473 --
1564 1453 1614 1482 10.
1636 1450 1905 1482 sescentesimum

129 1506 207 1540 ΑΒ.
226 1504 481 1539 secentest'mum
502 1506 538 1538 C.

42 1638 46 1645 π
108 1617 152 1641 ὀ
171 1608 272 1641 subst-
293 1605 379 1639 luera
408 1607 486 1649 (got.
505 1605 623 1647 hairu)
655 1617 715 1647 pro
737 1610 825 1638 certo
848 1607 990 1637 statuere
1041 1605 1214 1648 λειφθεὶς
1239 1602 1299 1639 ὑπ’
1326 1603 1462 1648 αὐτῶν,
1488 1604 1617 1650 ἐπειδὴ
1641 1602 1813 1662 ὁμήρους
1829 1610 1908 1648 τοῖς

129 1657 215 1696 licet,
235 1657 323 1698 quod
343 1666 410 1688 non
429 1658 533 1688 solum
554 1666 680 1695 ensem,
708 1656 767 1687 sed
796 1656 891 1686 deum
911 1663 991 1694 quo-

131 1713 195 1746 que
225 1705 279 1736 vel
309 1705 441 1736 heroem
471 1705 581 1745 gladio
614 1706 760 1735 ornatum
794 1702 993 1744 significasse

56 1767 75 1795 ,χι
132 1752 255 1784 Grhnm
280 1753 302 1783 l.
329 1752 351 1788 1.
382 1752 519 1792 probare
549 1752 665 1783 studet.
690 1769 727 1773 —
754 1759 831 1781 mat
833 1753 959 1780 centem
974 1765 994 1770 —

78 1823 81 1825 <
130 1800 267 1842 pacem]
291 1800 379 1839 „Pax
400 1802 532 1838 marcet,
560 1800 662 1830 sicubi
691 1809 732 1830 ex
765 1800 830 1830 otio
858 1799 994 1828 honesto

25 1843 41 1886 ζζ
131 1847 167 1878 in
203 1846 360 1878 desidiam
392 1849 425 1878 et
450 1847 598 1878 inertiam
641 1847 821 1884 transierit,
851 1854 995 1876 marcore

133 1894 227 1935 quasi
245 1894 395 1926 infecto-¹⁴
425 1895 576 1925 Pissow.
608 1895 658 1925 De
690 1891 869 1924 marcendi
897 1894 996 1924 verbo

133 1941 176 1973 cf.
195 1942 352 1982 Dranger,
381 1942 413 1973 S.
436 1943 466 1974 d.
488 1943 526 1980 T,
553 1952 627 1982 pag.
650 1944 699 1973 96.
722 1959 760 1964 -
787 1939 995 1982 impotentes]

137 1989 272 2028 „balneo
299 1989 408 2020 furore
435 1989 587 2029 abreptos
611 1992 643 2020 et
664 1991 796 2029 propter
817 1989 996 2020 levissimas

135 2044 253 2068 causas
273 2036 397 2067 vicinos
418 2037 523 2067 minus
543 2036 670 2067 validos
692 2037 732 2066 ab
747 2036 890 2075 ipsisque
905 2044 996 2074 spre-

135 2084 188 2114 tos
216 2083 475 2123 aggredientes.“
500 2100 537 2105 --
560 2081 660 2124 idque
690 2081 872 2113 iucundius
895 2091 999 2124 quam

137 2127 258 2169 mins]
281 2129 385 2166 Quam
404 2130 560 2160 rationem
583 2130 620 2163 Τ.
635 2130 668 2160 in
683 2129 906 2170 comparandis
918 2129 997 2160 dua-

136 2176 200 2208 bus
220 2176 363 2208 eiusdem
383 2177 430 2208 roi
451 2177 657 2217 qualitatibus
685 2179 727 2208 sit
753 2180 882 2208 secutus
905 2177 1000 2207 docet

137 2223 282 2255 wemin
316 2225 398 2255 Phil.
427 2227 477 2262 26,
515 2226 584 2258 118.
622 2242 660 2247 --
696 2223 789 2265 falso
826 2222 998 2267 quiescas]

139 2267 264 2310 „Falso
302 2271 489 2304 adverbium
528 2282 595 2304 non
630 2271 765 2304 modum
802 2272 999 2313 quiescendi,

137 2315 200 2349 scd
255 2316 420 2350 iudicium
478 2320 519 2351 de
571 2321 766 2360 quiescendo
824 2320 996 2351 continet.“

137 2365 278 2397 nrrz.
307 2383 339 2388 -
361 2365 523 2398 modestia
545 2368 621 2407 cet-J
657 2369 729 2407 „ubi
750 2369 846 2400 armis
869 2367 999 2398 dimica-

137 2415 209 2452 tur,
239 2414 343 2446 vietor
370 2423 498 2455 semper
528 2415 665 2447 modesti
694 2425 732 2447 ac
760 2416 854 2456 probi
873 2415 1001 2446 laudem

137 2462 348 2501 mci-citur,
367 2463 533 2494 incusatur
553 2466 586 2493 et
606 2463 782 2503 despicitur
802 2465 938 2494 victus“.
962 2481 999 2486 -

90 2542 93 2544 ,
139 2506 232 2549 olim]
255 2508 332 2540 dum
350 2510 447 2541 rebus
469 2510 618 2542 secundis
649 2512 683 2541 in
704 2511 769 2542 alta
789 2520 868 2551 pace
890 2511 1001 2542 fruun-

138 2558 193 2588 tur
213 2559 247 2589 et
265 2556 417 2589 ferociam
446 2558 634 2597 dediscunt3
665 2559 749 2590 unde
778 2569 837 2599 per
871 2559 1002 2600 aliquod

138 2606 266 2645 tempus
296 2614 317 2636 a
347 2606 461 2637 vicinis
482 2606 533 2637 his
558 2607 706 2638 laudibus
734 2607 1001 2638 extollebantur“.

140 2652 306 2684 omnm.
358 2653 456 2684 Falso
477 2656 624 2693 putamus
646 2655 946 2695 Wackernagelium
967 2655 1000 2684 Z.

139 2699 179 2731 D.
201 2700 240 2731 A.
262 2703 292 2739 6,
319 2702 380 2732 256
412 2702 561 2733 statuisse
590 2702 814 2734 Germanicum
843 2703 1002 2742 quoddam

139 2746 216 2779 inde
238 2747 473 2779 Cheruscorum
494 2757 674 2789 cognomen
701 2760 772 2781 esse
803 2753 916 2781 ortum.
954 2750 1002 2781 Cf.

142 2795 239 2826 otim
260 2795 381 2826 Grimm
403 2796 442 2827 G.
458 2797 497 2827 D.
516 2797 549 2827 S.
571 2799 643 2835 597,
664 2799 718 2838 qui
741 2807 851 2829 eorum
872 2800 1003 2828 senten-

142 2843 218 2874 tiam
237 2842 366 2881 refellit,
388 2845 441 2883 qui
464 2844 647 2885 Thur-iuges
679 2849 766 2877 ortos
788 2855 808 2877 a
831 2845 1002 2876 Cheruscis

142 2890 205 2921 rati
239 2890 273 2921 in
307 2891 447 2931 ipsorum
486 2893 614 2923 nomine
651 2893 841 2924 vocabulum
877 2893 1004 2930 Theot.‚

143 2937 231 2977 quod
260 2940 311 2969 est
331 2941 395 2976 tor,
415 2939 541 2977 stultus,
570 2940 676 2971 inesse
706 2941 900 2971 statuebant.
937 2939 1003 2969 Ad-

143 2984 185 3016 de
208 2985 329 3016 Grimm
351 2986 389 3016 G.
410 2986 449 3017 D.
472 2986 504 3017 S.
528 2989 597 3018 779.
620 3003 658 3009 -
685 2984 830 3028 Chattis]
853 2988 936 3017 Ann.
959 2989 1006 3017 12.

144 3033 201 3063 28·
226 3028 403 3072 Cherusci,
425 3043 502 3064 cum
523 3033 597 3075 quis
621 3038 795 3065 aeternum
809 3031 1007 3068 discordant

148 3075 273 3111 Chatti.
316 3080 465 3112 Ceterum
486 3082 651 3113 commode
672 3082 736 3113 huc
758 3082 878 3112 referas
900 3082 1006 3111 locum

145 3127 258 3158 Dionis
280 3130 331 3178 67,
353 3130 382 3158 5.
404 3129 446 3159 ad
466 3138 496 3160 a.
517 3132 592 3169 post
613 3129 688 3160 Chr.
716 3132 777 3160 85:
800 3119 1007 3177 Xapco'nq-

170 3180 232 3211 ος,
269 3166 292 3204 ὁ
329 3170 404 3204 τῶν
433 3139 671 3228 Χερούσκων
696 3155 895 3227 βασιλεύς,
933 3166 1008 3202 ὑπὸ

186 3213 310 3251 α’ττων
333 3217 377 3251 ἐκ
404 3218 472 3263 τῆς
480 3217 620 3276 ἀρχῆς
641 3217 702 3252 διὰ
729 3216 798 3262 τὴν
821 3216 915 3264 τρὸς
921 3214 1008 3250 Ῥω-

146 3265 288 3308 μαίους
312 3265 446 3307 φιλίαν
470 3263 661 3306 ἐκπεσων,
696 3264 739 3299 τὸ
764 3266 871 3309 uzu
861 3264 1009 3311 πρῶτον

147 3311 323 3367 ἑταίρους
359 3312 464 3356 τινὰς
501 3313 704 3369 ,ταρὲὶαβε
740 3314 804 3345 καὶ
832 3313 1009 3367 κρείττων

149 3358 190 3393 ἐν
224 3359 270 3406 τῇ
301 3357 457 3408 καθόδῳ
489 3361 651 3405 ἐγένετο.
683 3356 815 3394 ἔπειτα
848 3368 1010 3403 synam-

1038 1650 1239 1697 Ῥωμαίοις
1276 1649 1448 1697 επεμψε,
1480 1651 1548 1688 τὸν
1572 1651 1807 1710 Δομιτιανὸν
1831 1654 1909 1687 ἱκέ-

1043 1711 1162 1735 τευσε·
1202 1702 1270 1734 καὶ
1307 1703 1531 1757 συμμαχίας
1570 1701 1642 1745 μὲν
1684 1699 1755 1735 οὐκ
1789 1711 1908 1742 ετυχε,

1043 1745 1224 1797 χρήματα
1248 1747 1289 1781 δὲ
1310 1745 1436 1789 ἔλαβε.
1493 1754 1588 1793 Apud
1628 1754 1773 1785 Tacitum
1805 1756 1910 1784 autem

1043 1802 1123 1832 haec
1132 1811 1259 1841 quoque
1269 1801 1353 1832 fama
1364 1802 1562 1841 aliquantum
1572 1804 1768 1841 exaggerata
1774 1801 1910 1838 videtur,

1043 1852 1079 1879 ut
1100 1858 1182 1889 quae
1205 1849 1240 1880 C.
1257 1850 1297 1880 33
1318 1851 1428 1880 narrat
1449 1849 1489 1880 de
1512 1849 1674 1880 Bructeris
1692 1847 1828 1889 penitus
1851 1856 1909 1877 esc—

1046 1895 1136 1926 cisis.
1159 1895 1225 1926 Cfr.
1248 1897 1349 1927 Zeuss
1371 1897 1393 1926 l.
1414 1896 1436 1927 1.
1460 1896 1628 1927 ORELLI.
1651 1896 1700 1927 Cf.
1730 1896 1849 1926 Grimm
1871 1895 1909 1924 G.

1044 1944 1084 1974 D.
1112 1943 1144 1974 S.
1174 1945 1246 1974 577.
1289 1944 1436 1975 Ceterum
1468 1944 1538 1983 ipse
1568 1953 1628 1974 nos
1658 1943 1752 1974 docet
1780 1943 1910 1973 Tacitus

1046 1991 1226 2021 Cheruscos
1275 1992 1383 2030 potius
1421 1991 1515 2022 bellis
1554 1992 1718 2031 perpetuis
1750 1991 1910 2021 intestinis

1046 2047 1141 2077 quam
1162 2038 1261 2068 nimia
1281 2047 1319 2069 ac
1340 2039 1496 2069 marcenti
1518 2039 1573 2068 diu
1594 2048 1673 2078 pace
1688 2039 1813 2077 perisse
1828 2038 1910 2068 Ann.

1049 2088 1105 2122 11,
1140 2087 1188 2115 16.
1242 2086 1430 2116 Chattorum
1461 2086 1624 2125 principes
1655 2086 1817 2116 intestinis
1849 2084 1911 2114 illis

1046 2133 1139 2163 bellis
1161 2132 1345 2163 iamdudum
1366 2132 1485 2164 favisse
1507 2134 1663 2172 suspicari
1678 2133 1753 2163 lIcet
1773 2141 1813 2162 ex
1827 2133 1911 2162 Anu.

1048 2182 1077 2217 2,
1092 2181 1142 2210 88.
1162 2196 1199 2201 -
1223 2178 1341 2219 tracta]
1364 2181 1422 2218 sio,
1443 2182 1479 2210 ut
1493 2179 1645 2210 volebant
1658 2180 1858 2210 Burmannus
1881 2180 1912 2208 et

1049 2227 1176 2258 Cortius
1197 2226 1239 2257 ad
1259 2227 1338 2257 Luc.
1363 2229 1391 2264 7,
1414 2229 1485 2264 655,
1507 2229 1602 2266 atqoe
1616 2227 1793 2264 Ernestius‚
1812 2225 1912 2257 Codd.

1047 2274 1089 2304 Η.
1111 2276 1144 2305 et
1166 2283 1247 2304 corr.
1271 2274 1317 2305 St.
1354 2273 1407 2304 Sic
1436 2274 1531 2313 plane
1552 2274 1636 2305 Ann.
1665 2276 1694 2312 6,
1717 2276 1774 2305 26:
1804 2271 1913 2303 traxit

1049 2330 1126 2351 eam
1161 2319 1333 2362 pernicies
1366 2318 1592 2363 Agrippinae.
1635 2322 1806 2361 Vulgatum
1839 2320 1914 2351 olim

1050 2367 1136 2399 tacti
1155 2378 1224 2399 rem
1246 2378 1313 2399 non
1335 2371 1511 2408 exaequat,
1534 2371 1567 2399 et
1588 2369 1683 2399 nimis
1706 2371 1802 2399 tenue
1825 2367 1913 2398 vide-

1049 2418 1110 2455 tur,
1131 2417 1192 2447 etsi
1215 2417 1236 2446 S
1259 2416 1322 2447 hoc
1353 2417 1548 2447 defendens:
1572 2417 1669 2454 „ruit‚
1699 2425 1793 2455 quem
1824 2415 1914 2445 ruina

1050 2464 1182 2503 tang-ist
1221 2480 1259 2485 —-
1297 2461 1393 2503 Fosi]
1422 2464 1602 2503 Vestigium
1635 2464 1746 2494 horum
1778 2462 1914 2493 nominis

1050 2519 1220 2550 superesse
1243 2511 1346 2541 visum
1369 2513 1419 2542 est
1447 2510 1635 2550 quibusdam
1671 2510 1704 2540 in
1726 2507 1822 2540 Fz‘tsa
1843 2509 1864 2539 i.
1886 2517 1914 2538 e.

1050 2557 1145 2589 funsa
1169 2559 1282 2596 „cita“‚
1306 2558 1434 2588 flumine
1456 2558 1669 2594 lindesiensi,
1699 2556 1785 2596 quod
1814 2564 1914 2595 prope

1051 2606 1157 2636 Cellas
1178 2606 1307 2636 Allerae
1330 2606 1489 2635 miscetur.
1510 2605 1540 2636 J.
1557 2605 1677 2635 Grimm
1693 2604 1731 2634 G.
1746 2603 1784 2633 D.
1801 2602 1832 2632 S.
1846 2603 1914 2632 782.

1050 2653 1138 2692 ipsos
1169 2651 1252 2683 citos
1274 2653 1326 2682 vel
1354 2655 1505 2693 promtos
1528 2651 1590 2681 dici
1618 2651 1787 2681 existimat.
1812 2666 1849 2671 -
1873 2658 1915 2678 es:

1052 2700 1174 2741 aequo]
1224 2700 1273 2730 De
1312 2700 1373 2729 hac
1408 2699 1531 2729 rationo
1574 2697 1730 2728 formandi
1765 2696 1917 2727 adverbia

1051 2747 1294 2786 diligentissime
1328 2746 1477 2776 disseruit
1499 2745 1658 2782 Wfflfflin,
1690 2744 1772 2774 Phil.
1795 2745 1851 2781 26,
1884 2752 1915 2782 p.

1054 2797 1123 2826 146.
1243 2806 1246 2810 ’

1094 2843 1144 2871 37.
1163 2839 1284 2881 smum]
1299 2849 1430 2880 quemc
1439 2841 1495 2870 35:
1517 2838 1681 2885 anyentem
1691 2835 1814 2877 lleoeum
1825 2836 1915 2867 dixe-

1053 2892 1111 2919 rat.
1134 2889 1232 2919 SicC.
1248 2891 1280 2917 1·
1303 2886 1390 2917 latos
1413 2886 1529 2922 sinus;
1545 2886 1590 2923 C.‚
1603 2887 1659 2915 29:
1674 2882 1918 2924 sinusimperii

1054 2937 1112 2966 Est
1124 2936 1344 2966 Chersonesus
1366 2933 1524 2964 Cimbrica
1546 2932 1640 2971 (Ptol.
1657 2934 1686 2970 2,
1704 2932 1777 2970 11.‚)
1800 2931 1839 2961 de
1855 2939 1917 2970 qua

1054 2984 1136 3014 Plin.
1159 2986 1188 3019 4,
1214 2984 1272 3012 13:
1309 2978 1583 3010 Pramum-urium
1620 2975 1831 3009 Cimbrorum
1854 2987 1917 3007 ea·-

1055 3039 1196 3061 currens
1225 3028 1261 3059 in
1290 3027 1403 3059 maria
1432 3026 1529 3069 lonqe
1555 3024 1773 3068 peninsulam
1803 3024 1917 3066 efficit,

1056 3087 1144 3119 quae
1183 3074 1316 3106 Cau-eris
1350 3072 1558 3115 appellatur.
1594 3090 1631 3096 -—
1669 3070 1809 3112 Cimbri]
1840 3073 1918 3103 Post

1055 3133 1201 3163 magnam
1242 3123 1326 3152 illam
1368 3122 1511 3158 cladem,
1546 3130 1609 3160 qua
1642 3129 1698 3151 eos
1729 3121 1762 3150 in
1798 3119 1918 3157 campis

1055 3171 1186 3202 Raudiis
1218 3170 1362 3201 contudit
1392 3170 1510 3199 Marius
1539 3169 1581 3205 (a.
1603 3177 1633 3197 u.
1656 3177 1685 3197 c.
1715 3167 1818 3204 653),
1846 3174 1917 3195 rara

1056 3227 1164 3249 eorum
1195 3219 1362 3248 remanent
1391 3216 1529 3254 vestigia
1556 3215 1589 3245 in
1612 3214 1744 3244 historia
1765 3214 1917 3247 Romana,

1058 3267 1154 3297 veluti
1187 3266 1218 3295 in
1250 3265 1390 3295 Menum.
1427 3264 1542 3303 Ancyr-
1579 3271 1611 3301 p.
1639 3263 1689 3292 85.
1717 3260 1775 3291 Ed.
1797 3260 1915 3290 Franz:

1062 3310 1252 3353 Cimbrique
1275 3315 1304 3342 et
1325 3308 1502 3340 Charudes
1525 3313 1556 3339 et
1573 3306 1752 3338 Semnones
1774 3310 1805 3336 et
1827 3304 1917 3335 eius-

1059 3358 1130 3390 dem
1163 3362 1296 3389 tractus
1331 3355 1394 3388 alii
1432 3354 1679 3387 Germanorum
1709 3350 1829 3395 populi
1855 3359 1918 3391 per

1665 3421 1685 3453 5
