2176 3672
662 299 831 344 LIBER
859 301 934 343 111.
995 302 1095 355 Cap.
1126 301 1193 344 53.
1226 300 1291 343 54.
1321 299 1389 345 55.
1534 267 1539 271 ⁹
1827 298 1911 343 429

142 416 318 462 inritum
345 416 523 470 labores,
563 415 600 460 si
628 415 820 471 praemia
847 414 1127 470 periculorum
1157 414 1235 459 soli
1263 415 1563 469 adsequantur,
1604 414 1677 469 qui
1706 413 1909 470 periculis

145 508 226 540 non
255 495 479 541 adfuerint.
535 508 613 540 nec
641 494 826 540 fefellere
854 508 906 539 ea
923 495 1187 539 Mucianum:
1217 495 1316 538 inde
1345 506 1496 550 graves
1515 494 1769 548 simultates,
1801 506 1908 548 quas

146 576 352 620 Antonius
379 576 624 631 simplicius,
655 575 875 619 Mucianus
904 574 1055 618 callide
1084 587 1214 629 eoque
1242 574 1535 629 inplacabilius
1565 574 1791 618 nutriebat.

285 655 380 711 (54)
419 658 478 699 At
513 656 711 700 Vitellius
751 655 900 700 fractis
940 655 1057 709 apud
1097 654 1344 698 Cremonam
1399 654 1526 698 rebus
1567 654 1736 699 nuntios
1778 655 1911 699 cladis

144 736 360 781 occultans
397 736 530 780 stulta
579 736 913 780 dissimulatione
961 735 1149 779 remedia
1195 735 1338 789 potius
1379 734 1586 778 malorum
1632 746 1757 789 quam
1799 734 1912 778 mala
1948 750 1967 780 5

143 815 376 860 differebat.
406 817 563 872 quippe
591 815 806 860 confitenti
825 815 1166 871 consultantique
1184 820 1433 868 supererant
1452 827 1549 870 spes
1570 815 1784 869 viresque3
1815 827 1910 858 cum

142 909 168 939 e
195 897 407 940 contrario
425 896 543 940 laeta
560 896 699 940 omnia
717 895 911 950 fingeret,
940 894 1059 939 falsis
1078 895 1411 950 ingravescebat.
1461 896 1614 939 mirum
1635 896 1751 949 apud
1770 895 1910 949 ipsum

142 976 197 1020 de
224 975 335 1020 bello
362 975 599 1030 silentium3
629 976 834 1031 prohibiti
861 988 939 1031 per
956 975 1172 1019 civitatem
1191 987 1417 1028 sermones,
1447 987 1580 1030 eoque
1598 975 1753 1030 plures,
1782 988 1844 1029 ac,
1873 977 1911 1019 si

141 1056 300 1110 liceret,
328 1068 426 1100 vere
455 1057 680 1110 narraturi,
708 1057 808 1111 quia
827 1056 1092 1109 vetabantur,
1120 1056 1331 1099 atrociora
1358 1055 1646 1110 vulgaverant
1676 1067 1753 1098 nec
1782 1056 1910 1100 duces

140 1135 326 1182 hostium
355 1138 574 1191 augendae
602 1136 740 1181 famae
767 1137 959 1190 deerant,
987 1140 1134 1196 captos
1163 1135 1323 1179 Vitellii
1364 1135 1648 1190 exploratores
1676 1136 1910 1180 circumdu—
1925 1149 1967 1179 10

139 1220 323 1273 ctosque,
353 1222 401 1261 ut
429 1217 580 1261 robora
608 1217 783 1262 victoris
813 1218 1020 1261 exercitus
1062 1220 1295 1269 noscerent,
1335 1217 1613 1267 remittendo;
1643 1228 1748 1270 quos
1776 1216 1911 1259 omnis

141 1297 337 1341 Vitellius
365 1301 526 1341 secreto
555 1301 856 1352 percunctatus
878 1296 1064 1341 interfici
1084 1297 1218 1340 iussit.
1257 1296 1434 1340 notabili
1454 1297 1692 1340 constantia
1721 1296 1909 1339 centurio

139 1376 274 1420 Iulius
303 1378 497 1431 Agrestis
525 1382 621 1431 post
649 1376 804 1420 multos
832 1389 1057 1429 sermoneS,
1086 1376 1240 1430 quibus
1259 1376 1478 1420 Vitellium
1507 1358 1563 1419 ad
1593 1376 1791 1420 virtutem
1821 1375 1909 1419 fru-

138 1461 231 1500 stra
258 1457 529 1511 accendebat,
561 1457 760 1512 perpulit,
789 1461 839 1500 ut
867 1458 922 1501 ad
952 1457 1063 1501 vires
1083 1457 1268 1500 hostium
1289 1457 1555 1511 spectandas,
1584 1469 1774 1510 quaeque
1794 1457 1910 1511 apud

138 1536 384 1581 Cremonam
414 1542 511 1582 acta
540 1536 690 1591 forent,
728 1538 820 1593 ipse
849 1538 1100 1581 mitteretur.
1149 1549 1226 1581 nec
1255 1537 1541 1590 exploratione
1569 1537 1735 1581 occulta
1762 1537 1909 1580 fallere
1923 1551 1965 1581 15

138 1617 363 1661 Antonium
384 1618 623 1672 temptavit,
639 1618 714 1661 sed
734 1618 936 1661 mandata
964 1616 1233 1672 imperatoris
1252 1629 1459 1671 suumque
1478 1617 1661 1660 animum
1684 1616 1909 1671 professus,

140 1700 188 1740 ut
219 1701 371 1742 cuncta
399 1698 569 1751 viseret,
599 1698 799 1753 postulat.
831 1698 948 1742 missi
978 1699 1051 1753 qui
1091 1698 1228 1741 locum
1257 1698 1418 1752 proelii,
1447 1698 1688 1741 ‘Cremonae
1718 1698 1908 1752 vestigia,

138 1780 287 1836 captas
315 1778 500 1832 legiones
528 1779 809 1823 ostenderent.
853 1779 1050 1834 Agrestis
1078 1779 1134 1822 ad
1153 1777 1371 1822 Vitellium
1392 1778 1597 1821 remeavit
1623 1778 1908 1833 abnuentique

138 1868 240 1900 vera
268 1869 361 1901 esse
387 1870 498 1914 quae
517 1858 702 1902 adferret
721 1864 850 1914 atque
869 1858 982 1901 ultro
1002 1862 1247 1912 corruptum
1268 1858 1465 1914 arguenti
1499 1858 1689 1912 »quando
1709 1859 1904 1913 quideme<

138 1936 278 1991 inquit
310 1950 487 1992 »magno
516 1938 766 1982 documento
786 1951 893 1992 opus
912 1942 977 1982 est
997 1951 1073 1982 nec
1093 1938 1203 1982 alius
1224 1939 1308 1982 iam
1340 1938 1417 1981 tibi
1437 1943 1514 1981 aut
1533 1938 1647 1981 vitae
1666 1942 1742 1981 aut
1761 1938 1908 1981 mortis
1921 1948 1964 1979 20

138 2029 257 2061 meae
286 2029 400 2072 usus,
430 2018 539 2061 dabo
569 2019 636 2062 cui
666 2019 850 2062 credas«
884 2022 1012 2074 atque
1041 2018 1104 2061 ita
1133 2018 1348 2073 digressus
1367 2018 1606 2062 voluntaria
1637 2022 1771 2061 morte
1790 2019 1906 2061 dicta

136 2096 334 2141 firmavit.
364 2098 536 2152 quidam
566 2098 682 2142 iussu
710 2098 872 2142 Vitellii
902 2098 1183 2151 interfectum,
1214 2100 1267 2142 de
1295 2098 1379 2141 fide
1408 2098 1728 2151 constantiaque
1758 2099 1906 2141 eadem

137 2177 363 2221 tradidere.
409 2178 503 2233 (55)
534 2178 730 2222 Vitellius
758 2182 808 2221 ut
837 2191 861 2221 e
889 2191 1032 2222 somno
1061 2179 1223 2222 excitus
1252 2178 1407 2221 Iulium
1427 2177 1618 2222 Priscum
1650 2181 1693 2220 et
1715 2177 1907 2220 Alfenum

138 2257 298 2302 Varum
327 2271 422 2303 cum
444 2259 782 2312 quattuordecim
811 2259 1038 2313 praetoriis
1059 2258 1300 2303 cohortibus
1330 2263 1376 2302 et
1395 2258 1587 2302 omnibus
1606 2258 1796 2312 equitum
1828 2258 1909 2301 alis

274 2387 294 2417 2
319 2395 421 2426 graue
515 2388 531 2417 7
557 2385 808 2425 ingravescebat
839 2386 961 2416 malum
986 2386 1103 2417 Μαίων
1123 2387 1260 2424 (malum
1283 2390 1359 2416 avite
1380 2385 1499 2416 mirum
1531 2385 1686 2416 excidisse
1709 2385 1834 2416 videtvr
1866 2386 1907 2416 cf.

136 2431 224 2462 Anu.
261 2432 315 2470 14,
352 2432 391 2463 51
435 2431 704 2471 gravescentibus
738 2431 772 2462 in
811 2431 879 2463 dies
914 2431 1053 2472 publicis
1088 2431 1216 2472 malis),
1252 2431 1529 2471 ingravescebant
1564 2430 1698 2462 Emsti
1830 2434 1909 2471 aput

139 2479 177 2508 11
203 2485 265 2508 uro
285 2476 291 2518 Ι
312 2480 348 2508 ut
371 2477 490 2508 robora
514 2480 588 2515 (uro
613 2477 673 2508 del.
700 2479 778 2516 lm.)
862 2479 903 2508 14
928 2481 1008 2517 aput
1088 2478 1129 2508 17
1146 2477 1214 2520 'issii
1297 2479 1339 2509 18
1363 2477 1525 2516 adgrestis
1604 2479 1646 2508 22
1672 2474 1904 2520 constantiam}

135 2526 242 2553 noem
264 2522 327 2554 dd.
355 2526 416 2555 ln.
511 2524 551 2554 24
569 2523 717 2563 sonasse
740 2523 914 2554 tredecim:
940 2524 980 2554 cf.
1009 2525 1041 2562 Β,
1059 2524 1114 2556 93.
1141 2526 1172 2562 3,
1192 2525 1233 2555 78
1259 2522 1454 2563 Nipperdey.

130 2636 219 2677 per-³⁸·
233 2642 362 2677 parum
387 2642 492 2668 vocat.
516 2655 559 2660 -
584 2636 699 2668 muido
734 2646 828 2676 eoque
859 2636 1006 2676 inplaca-
1021 2659 1023 2662 <
1039 2639 1205 2678 fracescit,
1231 2638 1350 2669 clamat
1371 2636 1507 2668 moriem
1524 2640 1583 2668 cet.
1604 2654 1645 2661 —
1665 2646 1760 2675 eoque
1783 2635 1904 2677 plau-ea]

134 2692 242 2735 Mlius]
265 2694 418 2726 similiter
441 2695 481 2725 de
502 2694 693 2725 Domitiano
708 2694 820 2733 Agric.
846 2695 888 2725 42
908 2703 1005 2733 prae-
1039 2696 1109 2726 scil.
1134 2705 1193 2737 per
1215 2695 1383 2727 civitatem
1406 2703 1572 2725 semones
1604 2697 1716 2734 erant3
1754 2693 1811 2724 alii
1835 2694 1904 2724 iun-

135 2760 207 2792 cepe
222 2752 257 2782 in
272 2752 357 2783 iram
372 2756 402 2782 α
418 2761 479 2791 qao
496 2751 670 2790 obtem-ior,
688 2760 723 2782 eo
739 2750 1003 2790 ὑνεοοοαόίῑίοη
1038 2756 1119 2792 gunt
1135 2753 1249 2793 plures
1274 2750 1356 2795 (scil.
1381 2750 1543 2792 homines)
1567 2761 1607 2781 ac
1631 2759 1704 2781 vere
1725 2750 1903 2781 narraturi.

135 2808 178 2840 de
201 2808 334 2840 Tiberio
365 2810 453 2840 Anu.
482 2811 510 2846 1,
547 2809 588 2840 1³
623 2808 658 2839 in
691 2807 858 2839 Haterium
897 2808 1002 2838 statim
1018 2837 1020 2842 A
1038 2827 1075 2833 —
1100 2820 1150 2848 ac,
1176 2809 1338 2846 silico-et,
1364 2818 1432 2839 vere
1456 2806 1837 2851 narratwi]h.e.atque
1850 2808 1906 2839 ho-

136 2865 273 2897 ὑιοωοιιε
296 2870 352 2904 ut,
378 2866 544 2903 Βοαω-ιιιη,
569 2867 621 2896 cui
643 2865 869 2905 inplacabilius
881 2865 1001 2896 irasce·
1017 2843 1021 2896 Ι
1037 2867 1150 2906 mines,
1186 2867 1252 2906 qui,
1289 2866 1316 2897 si
1341 2865 1466 2903 liceret,
1499 2874 1577 2896 vere
1602 2865 1836 2896 narravissent.
1862 2882 1906 2888 -κ

135 2920 240 2962 ὅθεν,
264 2923 388 2954 Mo
410 2924 558 2955 maisit.
1017 2914 1176 2960 icenturio
1201 2923 1304 2955 Iult'm
1329 2920 1487 2966 Agrestis]
1514 2922 1635 2953 similia
1659 2920 1800 2952 Othonis
1817 2922 1903 2962 priu-
1944 2926 1948 2930 ⁴

181 2980 236 3012 54.
265 2979 513 3021 mutuebat]
550 2981 711 3012 »deterior
748 2981 817 3012 eius
853 2979 999 3011 condicio
1016 2965 1019 3008 ἶ
1035 2981 1143 3021 cipatu
1167 2990 1187 3011 a
1203 2980 1306 3012 milite
1330 2979 1482 3019 gregario
1503 2980 1589 3009 sacta
1606 2979 1777 3010 traduntur
1793 2989 1813 3010 a
1829 2979 1906 3010 Sue·

135 3036 206 3067 sive
229 3036 366 3068 debilior
389 3041 486 3077 atque
508 3037 667 3068 infirmior
692 3037 760 3068 eius
785 3037 929 3077 potentia
945 3037 999 3067 fie-
1016 3018 1019 3086 i
1035 3038 1124 3069 tonio
1147 3037 1225 3068 oth.
1247 3038 1300 3074 10,
1327 3036 1507 3067 Plutarcho
1526 3035 1601 3067 oth.
1619 3037 1669 3073 15.
1695 3036 1801 3067 Dione
1818 3036 1906 3077 apud

135 3092 223 3124 bat«.
249 3093 479 3135 (iu-mem
503 3094 634 3135 proprie
658 3094 699 3125 de
723 3095 841 3134 aegris,
864 3102 1000 3133 quorum
1016 3091 1018 3132 ξ
1036 3094 1158 3135 Xiphil.
1185 3095 1238 3131 ⁶4,
1266 3096 1318 3126 11.
1344 3094 1489 3124 Bri-rau.
1518 3110 1560 3116 —
1579 3097 1726 3131 munusue
1749 3092 1903 3138 unanima]

136 3149 269 3181 morbus
292 3150 397 3181 aerior
426 3151 473 3181 fit.
507 3151 659 3191 nuans.)
695 3156 727 3183 et
762 3160 834 3182 cum
866 3154 999 3189 aegroto
1016 3143 1018 3165 ¹
1034 3161 1101 3182 non
1134 3151 1239 3182 solum
1273 3159 1308 3181 se
1342 3149 1548 3189 imperatoris
1582 3150 1742 3182 mandatis
1778 3160 1903 3190 parere,

135 3205 304 3237 Vitellium
327 3212 496 3247 comparat
519 3208 663 3240 Tacitus.
692 3208 863 3239 Ernestiua
888 3208 1001 3238 maluit
1015 3203 1018 3247 j
1033 3208 1092 3240 sed
1116 3211 1219 3239 semet
1243 3208 1348 3247 ipsum
1372 3216 1491 3246 cupere
1516 3207 1623 3238 locum
1657 3207 1774 3246 proelii
1797 3208 1904 3241 visere

136 3262 541 3307 &mamaea-emnia„
564 3265 646 3296 mue
670 3266 772 3297 muno
797 3265 997 3304 exquisitius.
1015 3251 1017 3305 ξ
1033 3265 1205 3304 signifieat.

135 3323 171 3350 ut
193 3320 256 3359 hic,
289 3320 329 3351 de
360 3321 508 3361 personis
542 3322 640 3356 etiam
674 3321 742 3353 Cic.
768 3322 808 3353 de
840 3323 916 3354 Sen.
945 3323 996 3359 11,
1079 3318 1905 3364 55.ueuomnooxeoeu]er.a,9oonniqu01mua,

136 3378 197 3409 3⁶:
221 3378 630 3417 mommo-Menum
653 3378 994 3419 dqfaeiqaeionohaqm-
1013 3369 1086 3420 Ἰἔρον
1109 3387 1205 3416 quo-
1228 3387 1335 3409 ιοιιυιο
1369 3382 1399 3408 σε
1431 3376 1697 3418 ltoeupudendu·
1721 3378 1902 3412 buca-wat.

135 3438 270 3467 mm.
301 3434 387 3467 Plin.
412 3435 496 3477 Epp.
522 3436 553 3476 2,
589 3437 654 3470 202
686 3435 829 3468 Verania
852 3445 923 3468 noa:
948 3435 995 3466 in-
1012 3432 1014 3463 !
1031 3453 1073 3459 —
1103 3434 1215 3466 Iuliam
1238 3434 1310 3475 cet]
1338 3434 1536 3478 praefectos
1551 3435 1724 3475 praetorio.
1745 3438 1775 3475 8,
1800 3437 1852 3468 92.
1872 3439 1903 3479 3,
