2176 3672
118 1000 154 1034 0

909 249 1011 306 Cap.
1043 249 1112 293 37.
1133 249 1200 293 38.
1849 249 1934 292 207

196 365 340 409 hot-tes
367 362 576 420 indaginis
604 361 742 413 modo,
773 366 817 405 et
844 362 978 405 sicubi
1008 364 1165 407 artiora
1194 366 1327 415 erant,
1361 365 1526 418 partem
1546 362 1737 419 equitum
1765 351 1942 406 dimissis

196 439 328 496 equis,
336 424 484 495 ‘simul‘
491 437 673 480 rariores
684 433 820 479 'silvas
840 437 1026 492 equitem
1045 438 1281 493 persultare
1301 437 1502 489 iussisset,
1532 440 1753 494 acceptum
1773 435 1943 492 aliquod

194 513 347 558 vulnus
375 525 454 569 per
481 510 653 554 nimiam
680 510 877 554 fiduciam
906 510 1026 554 foret.
1073 515 1263 559 ceterum
1292 511 1366 553 ubi
1395 511 1646 567 compositos
1674 510 1805 553 firmis
1834 510 1944 553 ordi-

194 586 318 631 nibus
345 583 467 642 sequi
499 599 645 628 rursus
673 584 833 639 videre,
869 585 913 627 in
942 585 1090 641 fugam
1127 586 1252 640 versi,
1295 599 1381 628 non
1425 584 1676 640 agminibus,
1721 588 1769 627 ut
1811 585 1943 640 prius,

193 675 277 706 nec·
301 661 408 706 alius
437 659 567 702 alium
595 662 896 715 respectantes,
926 659 1012 702 rari
1042 663 1086 702 et
1114 658 1335 702 vitabundi
1363 658 1546 701 invicem
1564 658 1796 714 longinqua
1815 661 1942 713 atque
1961 675 1978 700 5

193 730 291 775 avia
317 733 492 789 petiere.
524 733 618 775 finis
648 733 852 789 sequendi
881 747 967 776 nox
998 737 1041 776 et
1060 733 1231 776 satietas
1251 733 1343 776 fuit.
1376 745 1500 775 caesa
1518 731 1703 774 hostium
1722 731 1777 774 ad
1798 731 1944 775 decem

193 804 328 850 miliat
357 810 595 850 nostrorum
614 808 793 850 trecenti
822 808 1046 863 sexaginta
1067 808 1273 862 cecidere,
1302 807 1347 849 in
1366 806 1459 862 quis
1478 805 1617 848 Aulus
1637 806 1804 849 Atticus
1823 819 1946 862 prae-

183 877 330 923 ·i'ectus
358 881 553 936 cohortis,
582 881 760 924 iuvenili
788 882 940 924 ardore
971 885 1014 924 et
1043 882 1202 925 ferocia
1232 881 1331 937 equi
1359 879 1549 922 hostibus
1588 880 1741 922 illatus.
1787 880 1873 934 (38)
1903 884 1946 923 et

187 967 279 997 nox
307 954 478 1011 quidem
508 955 664 1011 gaudio
684 955 929 1012 praedaque
949 956 1063 999 laeta
1082 955 1336 1008 victoribus;
1366 954 1562 997 Britanni
1581 954 1773 1010 palantes
1793 953 1945 997 mixto-

191 1041 276 1084 que
303 1029 489 1071 virorum
519 1029 828 1086 mulierumque
858 1030 1026 1086 ploratu
1055 1030 1224 1073 trahere
1253 1028 1510 1076 vulneratos,
1546 1041 1700 1071 vocare
1736 1029 1978 1083 integros,10

192 1098 390 1146 deserere
421 1103 565 1146 domos
594 1118 644 1146 ac
674 1117 751 1159 per
779 1104 886 1147 iram
915 1104 1025 1147 ultro
1055 1102 1296 1154 incendere,
1327 1102 1488 1158 eligere
1515 1102 1701 1144 latebras
1730 1106 1774 1144 et
1805 1102 1945 1144 statim

192 1176 452 1234 relinquere;
490 1178 667 1221 miscere
703 1179 885 1221 invicem
921 1178 1093 1222 consilia
1128 1178 1284 1233 aliqua,
1324 1175 1422 1219 dein
1460 1189 1679 1232 separare3
1717 1176 1943 1232 aliquando

190 1249 333 1308 frangi
362 1255 538 1308 aspectu
568 1252 793 1308 pignorum
822 1265 1007 1307 suorum,
1038 1251 1206 1307 saepius
1235 1250 1450 1293 concitari.
1497 1250 1684 1306 satisque
1722 1249 1942 1293 constabat

330 1471 359 1502 1.
376 1473 447 1510 post
461 1469 550 1502 modo
565 1470 701 1501 lacunam
717 1471 821 1501 statuit
835 1471 1018 1511 Nipperdey.
1048 1487 1079 1492 -
1109 1473 1140 1504 2.
1165 1470 1302 1511 equitem
1327 1469 1514 1510 persultare
1540 1469 1717 1501 Rhenanus:
1742 1469 1847 1510 equite
1870 1480 1942 1510 per-

190 1525 312 1558 sulcari
328 1528 372 1564 A3
397 1527 522 1568 equites
533 1527 740 1567 perlustrari
754 1529 796 1567 133
815 1527 952 1568 equitem
963 1528 1169 1568 perlustrare
1185 1528 1311 1558 Urlichs.
1329 1543 1374 1549 -
1391 1529 1421 1559 4.
1439 1527 1526 1558 versi
1541 1527 1734 1558 Puteolanus:
1760 1527 1863 1557 versis
1874 1528 1942 1557 AB.

190 1599 234 1606 —-
247 1579 361 1626 iimcc]
373 1584 430 1616 sed
441 1584 604 1615 Acidalius.
616 1600 652 1605 -—
664 1585 732 1615 ante
747 1584 820 1615 rari
832 1585 903 1615 add.
920 1585 978 1616 sed
988 1586 1152 1626 Bipontini.
1171 1601 1207 1606 -
1224 1586 1254 1616 6.
1269 1589 1400 1615 sanetas
1415 1585 1450 1614 B.
1474 1600 1504 1604 —-
1527 1584 1615 1614 caesi
1629 1584 1734 1615 Ritter.
1751 1600 1789 1605 -
1806 1586 1834 1615 7.
1852 1584 1944 1623 queis

188 1641 223 1672 B.
241 1657 282 1663 —
299 1641 340 1673 A.
356 1642 392 1672 B.
407 1656 452 1663 —
470 1643 499 1673 9.
519 1642 741 1682 Britannique
757 1643 782 1673 A
804 1643 837 1674 B.
855 1658 898 1663 —
907 1642 1069 1681 palantas
1084 1643 1127 1679 A;
1144 1642 1198 1672 sed
1214 1653 1234 1673 a
1254 1643 1287 1672 in
1304 1651 1320 1672 e
1336 1642 1461 1672 mutavit
1476 1651 1515 1671 m.
1538 1643 1563 1672 1.
1577 1656 1615 1662 -·
1638 1643 1686 1671 10.
1700 1645 1839 1681 prorata
1857 1641 1890 1671 B.
1904 1657 1940 1660 —

189 1699 243 1730 12.
261 1697 378 1739 aliqua
400 1698 522 1730 seclusit
538 1699 671 1730 Classen.
689 1714 733 1723 --
749 1683 827 1730 dein
843 1700 879 1729 B.

189 1907 310 1944 ageret.
342 1903 425 1935 Caes.
443 1903 512 1934 bell.
530 1903 604 1934 Gall.
623 1903 702 1934 VIII.
724 1904 763 1934 18
779 1904 884 1934 hostes
906 1919 944 1925 -
959 1913 1043 1934 cam·
1090 1903 1175 1935 diem
1197 1913 1443 1944 consensumque
1459 1903 1598 1934 vestrum
1622 1902 1756 1934 initium
1782 1902 1944 1934 libertatis

183 1959 263 1989 pum
285 1963 329 1970 —
345 1949 434 1980 velut
467 1948 628 1987 indayine
658 1948 796 1980 insidiis
826 1944 1043 1981 'circumdede-
1091 1949 1153 1980 toti
1169 1950 1373 1980 Britanniae
1381 1949 1471 1989 fore.

189 1999 276 2026 runt.
1135 1995 1172 2026 in
1196 1995 1271 2035 quis
1294 2011 1338 2016 —
1364 1993 1517 2031 inlatusJ.
1566 1993 1648 2031 Quae
1671 1994 1728 2025 hoc
1752 1994 1820 2024 loco
1845 1994 1883 2023 de
1907 1994 1942 2023 A.

229 2038 444 2080 persultareL
469 2040 590 2079 proprie
606 2040 721 2071 dictum
735 2040 773 2070 de
790 2040 940 2079 equitibus
958 2042 1043 2081 equis
1089 2041 1189 2071 Attico
1202 2043 1479 2078 commemorantur,
1496 2040 1605 2070 similia
1617 2042 1688 2070 sunt
1703 2040 1756 2075 eis,
1774 2048 1850 2079 quae
1863 2048 1888 2070 c.
1902 2040 1942 2069 28

190 2086 401 2116 insidentibus.
436 2086 509 2116 Inde
525 2086 738 2116 assumendum
750 2095 804 2125 per
820 2095 944 2125 zeugma
960 2087 1043 2117 aliud
1065 2108 1067 2144 ἡ
1090 2086 1127 2116 de
1143 2086 1302 2126 Usiporum
1321 2086 1439 2117 casibus
1456 2087 1534 2115 vitae
1549 2085 1704 2123 Agricolae
1728 2085 1910 2122 inseruntur,
1927 2094 1945 2114 a

189 2131 324 2172 verbum,
362 2132 444 2171 quod
471 2132 568 2170 possit
594 2131 654 2162 dici
687 2131 726 2161 de
753 2131 925 2162 cohortibus
949 2141 1043 2172 eaque
1066 2146 1067 2149 ¹
1090 2141 1150 2171 qua
1165 2135 1291 2172 uterque
1308 2132 1391 2162 locus
1408 2132 1527 2161 videtur
1543 2140 1609 2161 esse
1626 2131 1752 2160 alienus.
1785 2130 1831 2160 De
1847 2130 1895 2160 his
1910 2139 1945 2159 ac

190 2177 325 2217 equitum
348 2179 442 2217 parte,
468 2186 546 2217 quae
562 2186 655 2217 equos
679 2177 840 2213 dimiserat,
865 2178 948 2208 velut
964 2187 1042 2219 pro-
1065 2153 1068 2204 f
1090 2177 1238 2207 similibus
1254 2177 1322 2207 libri
1340 2177 1485 2216 partibus,
1509 2185 1586 2215 quae
1612 2176 1734 2215 propius
1751 2176 1790 2205 ad
1806 2175 1943 2205 similitu-

189 2222 293 2261 qredi.
1066 2220 1067 2261 ἰ
1089 2223 1191 2253 dinem
1218 2223 1414 2253 Historiarum
1443 2225 1473 2252 et
1495 2222 1654 2251 Annalium
1682 2221 1839 2259 accedunt,
1870 2220 1942 2260 quid

233 2266 380 2308 νεανικῇ,
410 2268 562 2299 damnum.
592 2278 618 2299 c.
649 2269 691 2298 29
719 2267 887 2300 domestico
911 2268 1043 2299 vulnere
1065 2278 1067 2305 ς
1090 2269 1241 2309 sentirem,
1266 2269 1369 2307 paucis
1386 2268 1447 2298 dixi
1463 2268 1494 2297 in
1511 2267 1563 2301 eis,
1589 2275 1666 2306 quae
1689 2267 1900 2297 commentario
1917 2275 1942 2295 c.

190 2312 287 2346 ictus.
1091 2315 1133 2344 10
1150 2314 1301 2354 praemisi.

226 2357 345 2399 foret],
364 2361 398 2389 ut
414 2368 439 2389 c.
463 2359 501 2390 16
517 2358 640 2390 amissa
656 2358 838 2390 Britannia
844 2358 950 2398 foret.

235 2399 445 2445 affininibusl.
473 2403 519 2434 De
535 2404 665 2434 ablativo
681 2404 763 2434 modi
777 2404 814 2435 cf.
827 2404 1042 2444 Nipperdeium
1463 2403 1499 2435 C.
1520 2404 1572 2433 38.

191 2449 230 2480 ad
246 2450 324 2480 Anu.
341 2449 392 2480 1v.
412 2451 464 2479 51.
1133 2449 1254 2490 qaudio
1282 2443 1496 2489 praedaque}
1546 2447 1639 2478 Priori
1670 2445 1828 2487 vocabulo,
1861 2446 1942 2486 quod

232 2494 435 2533 vitabuudfl.
483 2494 645 2535 Tamquam
679 2495 837 2535 participio
876 2496 1042 2535 praesentis
1089 2495 1229 2525 affectum
1254 2496 1420 2525 animorum
1446 2493 1604 2533 significat,
1628 2492 1749 2522 additur
1774 2501 1831 2522 una
1848 2501 1883 2521 ex
1899 2492 1942 2521 eis

189 2534 311 2571 inditur
326 2540 364 2571 in
375 2540 487 2571 vicem.
516 2540 691 2580 Asyndeton
703 2543 771 2571 ante
787 2541 861 2571 rari
876 2541 935 2571 vim
948 2550 1041 2580 oppo-
1089 2541 1188 2578 rebus,
1216 2540 1324 2580 quibus
1351 2540 1474 2570 affectus
1491 2539 1542 2569 ille
1557 2540 1702 2568 movetur.
1743 2538 1848 2576 Neque
1864 2537 1941 2566 enim

187 2586 305 2616 sitionis
328 2588 426 2624 auget.
470 2585 518 2617 cf.
543 2587 620 2616 Anu.
645 2586 682 2617 V.
708 2587 726 2616 3
764 2596 827 2617 non
851 2595 953 2626 arma,
980 2596 1042 2617 non
1089 2586 1187 2616 solum
1217 2586 1338 2626 praeda,
1370 2585 1424 2615 sed
1455 2585 1543 2614 etiam
1582 2584 1649 2623 ipsa
1681 2583 1803 2612 victoria
1833 2582 1941 2620 gaude-

187 2640 295 2663 rerum
321 2639 476 2662 novarum
499 2630 651 2668 studium,
682 2641 806 2663 amores
832 2632 984 2662 iuvenum
1011 2636 1042 2662 et
1089 2631 1172 2662 bant.

190 2675 434 2717 impudicitiam
450 2676 560 2716 nepoti
575 2676 765 2708 obiectabat.
788 2677 930 2708 Vitabant
942 2680 1041 2707 autem
1128 2675 1308 2716 palantesJ,
1326 2685 1386 2705 non
1403 2675 1479 2714 vagi,
1503 2674 1556 2704 sed
1574 2673 1711 2713 dispersi.
1753 2673 1797 2703 Cf.
1816 2672 1940 2712 Nipper-

189 2722 267 2753 inter
282 2731 325 2761 se,
343 2725 373 2752 et
389 2722 460 2762 quia
476 2723 563 2762 fugae
578 2722 711 2762 pudebat
735 2725 764 2753 et
787 2731 824 2753 ne
849 2723 917 2763 quis
941 2722 1040 2761 fugam
1089 2722 1190 2752 deium
1205 2722 1243 2752 ad
1267 2722 1344 2751 Anu.
1364 2721 1387 2750 I.
1407 2721 1458 2750 30.

188 2770 360 2799 momatur.
1132 2766 1275 2798 virorum
1297 2765 1529 2804 mulierumque
1552 2762 1707 2802 ploratuJ.
1740 2763 1819 2792 Ann.
1844 2761 1896 2792 III.
1923 2763 1937 2791 1

229 2811 380 2853 petiereJ.
413 2812 458 2844 Gi.
475 2812 512 2844 H.
532 2813 554 2842 I.
572 2814 610 2844 81
631 2812 736 2844 vitata
760 2812 906 2845 comitum
929 2817 960 2843 et
976 2822 1039 2843 ser·
1089 2811 1172 2842 idem
1187 2811 1324 2842 omnium
1336 2810 1483 2849 qemitus,
1503 2818 1603 2847 neque
1622 2807 1822 2839 discerneres
1830 2806 1941 2846 proxi-

189 2867 298 2890 vorum
320 2857 516 2898 frequentia
551 2857 625 2889 rari
658 2874 689 2879 -
723 2858 868 2890 incertas
898 2857 1042 2890 latebras
1088 2866 1152 2888 mos
1167 2856 1301 2891 alienos,
1319 2855 1461 2886 virorum
1468 2852 1709 2893 feminarumve
1720 2852 1885 2893 planctus.

183 2903 340 2943 petivere.
803 2909 807 2913 '
1134 2902 1264 2933 trahere
1288 2916 1329 2921 —-
1353 2894 1480 2939 vocare]
1506 2908 1531 2929 c.
1556 2908 1586 2937 q.
1609 2907 1633 2928 s.
1676 2898 1722 2928 De
1746 2898 1941 2929 collocatione

232 2957 294 2980 nox
324 2953 354 2979 et
381 2943 542 2990 satietas}
575 2949 631 2979 Pro
659 2950 869 2980 commentario
894 2952 940 2979 est
963 2949 1039 2978 Anu.
1089 2947 1247 2977 verborum
1264 2946 1302 2976 cf.
1322 2955 1348 2976 c.
1367 2947 1406 2975 32
1425 2944 1626 2983 adqnoscent.

189 2992 227 3023 11.
238 2994 277 3024 21
291 2998 415 3024 ceterae
428 2992 599 3025 adnectens
618 3003 730 3025 cruore
743 2995 880 3026 hostium
897 2993 1040 3024 satiatae
1128 3001 1192 3031 per
1215 2986 1326 3031 iram],
1344 2992 1379 3019 ut
1395 2989 1431 3019 Η.
1448 2989 1500 3019 111.
1527 2989 1579 3018 84.
1612 2988 1688 3018 Ann.
1707 2987 1749 3018 11.
1767 2988 1819 3018 68.

193 3042 279 3076 ωας
305 3041 334 3069 et
350 3039 373 3070 1.
393 3039 434 3070 68
451 3038 569 3078 vulqus
586 3039 782 3071 trucidatum
798 3043 855 3076 eet,
874 3038 971 3070 donec
987 3038 1041 3068 ira
1132 3035 1288 3072 miscere]
1318 3035 1396 3065 Anu.
1413 3033 1477 3064 XV.
1496 3034 1536 3064 68
1554 3032 1611 3063 sed
1626 3043 1664 3064 ex
1677 3032 1858 3064 coniuratis
1870 3041 1939 3063 con-

193 3086 223 3113 et
238 3082 310 3114 dies
319 3083 509 3124 permansit.
543 3084 588 3115 De
605 3085 771 3116 coniunctis
788 3086 865 3115 inter
882 3094 914 3114 se
930 3083 1039 3114 diversi
1088 3080 1168 3112 eilia
1184 3090 1253 3111 cum
1271 3079 1400 3111 Vestino
1416 3088 1477 3109 non
1493 3077 1687 3109 miscuerant
1701 3077 1843 3118 quidam.
1858 3078 1938 3108 au.

191 3128 306 3165 generis
323 3129 410 3160 rebus
423 3129 460 3160 cf.
479 3138 504 3159 c.
519 3130 560 3160 26
578 3130 682 3169 copiis
697 3135 729 3161 et
741 3130 884 3169 laetitia,
903 3133 933 3160 et
944 3137 1039 3159 exem·
1089 3128 1107 3157 7
1125 3125 1239 3157 mixtis
1255 3124 1418 3156 consiliis.

192 3171 251 3210 plis
265 3171 308 3203 ibi
330 3174 427 3205 allatis
443 3174 520 3205 adde
544 3175 581 3206 H.
600 3175 649 3206 IV.
678 3176 720 3206 14
737 3180 827 3206 nocte
851 3184 889 3205 ac
906 3172 1039 3204 laetitia
1133 3169 1280 3210 aliquaJ.
1321 3169 1384 3200 Hoc
1407 3168 1534 3209 addidit,
1558 3170 1591 3198 nt
1612 3168 1792 3206 significaret
1817 3168 1941 3198 consilia

193 3214 377 3250 incaluisse.
407 3221 484 3251 Ann-
500 3220 570 3250 XIII
599 3221 639 3251 15
655 3221 734 3261 quia
746 3219 1040 3252 dissimulationem
1089 3216 1297 3246 Britannorum
1323 3214 1421 3244 subito
1447 3214 1548 3252 potius
1570 3222 1604 3243 sc
1627 3216 1737 3244 temere
1753 3216 1842 3253 capta
1865 3222 1939 3246 esse.

192 3270 254 3292 nore
270 3266 302 3293 et
318 3261 456 3296 lascivia
471 3269 642 3296 eaeemerat.
1089 3270 1177 3300 qnam
1196 3260 1333 3298 diligenti
1351 3259 1564 3289 deliberatione
1581 3261 1648 3289 ante
1666 3259 1811 3289 instituta.

236 3304 330 3346 rain.
346 3308 408 3341 Liv,
423 3309 500 3342 m.
525 3311 576 3346 ⁶6,
602 3311 620 3341 7
632 3310 717 3350 finis
733 3309 925 3348 insequendi
941 3306 1041 3338 hostis
1134 3303 1315 3344 separare}
1350 3304 1386 3335 Η.
1405 3303 1454 3334 IV.
1478 3304 1519 3334 64
1537 3313 1576 3334 ne
1599 3303 1672 3342 quie
1693 3303 1835 3335 occulere
1853 3302 1939 3344 quic-

194 3349 441 3392 Poenieflumen
463 3353 580 3386 Trebia
589 3353 676 3395 suit.
710 3355 778 3392 Agr.
797 3355 837 3383 80
855 3351 1042 3383 hodiernum
1094 3358 1187 3390 quam
1203 3354 1260 3381 aut
1275 3358 1442 3388 eeyreqare
1459 3356 1589 3379 caueam
1612 3357 1702 3379 suam
1712 3349 1826 3388 pouit.
1863 3349 1937 3378 Anu.
