<?xml version="1.0" encoding="UTF-8"?>
<!DOCTYPE html PUBLIC "-//W3C//DTD XHTML 1.0 Transitional//EN"
    "http://www.w3.org/TR/xhtml1/DTD/xhtml1-transitional.dtd">
<html xmlns="http://www.w3.org/1999/xhtml" xml:lang="en" lang="en">
 <head>
  <title>
</title>
<meta http-equiv="Content-Type" content="text/html;charset=utf-8" />
  <meta name='ocr-system' content='tesseract 3.04.00' />
  <meta name='ocr-capabilities' content='ocr_page ocr_carea ocr_par ocr_line ocrx_word'/>
</head>
<body>
  <div class='ocr_page' id='page_1' title='image "./pcorneliitacitio02taciuoft_0402.png"; bbox 0 0 2176 3672; ppageno 0'>
   <div class='ocr_carea' id='block_1_1' title="bbox 254 302 1599 350">
    <p class='ocr_par' dir='ltr' id='par_1_1' title="bbox 254 302 1599 350">
     <span class='ocr_line' id='line_1_1' title="bbox 254 302 1599 350; baseline -0.001 0"><span class='ocrx_word' id='word_1_1' title='bbox 254 306 340 350; x_wconf 82' lang='lat'><strong>380</strong></span> <span class='ocrx_word' id='word_1_2' title='bbox 682 302 952 347; x_wconf 82' lang='lat' dir='ltr'>CORNELII</span> <span class='ocrx_word' id='word_1_3' title='bbox 982 302 1174 347; x_wconf 84' lang='lat' dir='ltr'>TACITI</span> <span class='ocrx_word' id='word_1_4' title='bbox 1203 302 1599 349; x_wconf 81' lang='lat' dir='ltr'><strong>HISTORIARUM</strong></span> 
     </span>
    </p>
   </div>
   <div class='ocr_carea' id='block_1_2' title="bbox 204 417 2036 2006">
    <p class='ocr_par' dir='ltr' id='par_1_2' title="bbox 204 417 2036 2006">
     <span class='ocr_line' id='line_1_2' title="bbox 254 417 2028 476; baseline 0.001 -13"><span class='ocrx_word' id='word_1_5' title='bbox 254 434 337 476; x_wconf 92' lang='lat' dir='ltr'><strong>quo</strong></span> <span class='ocrx_word' id='word_1_6' title='bbox 367 421 505 463; x_wconf 89' lang='lat' dir='ltr'><strong>minus</strong></span> <span class='ocrx_word' id='word_1_7' title='bbox 536 423 582 462; x_wconf 89' lang='lat' dir='ltr'><strong>ut</strong></span> <span class='ocrx_word' id='word_1_8' title='bbox 612 420 779 473; x_wconf 87' lang='lat' dir='ltr'><strong>captam</strong></span> <span class='ocrx_word' id='word_1_9' title='bbox 811 417 959 461; x_wconf 89' lang='lat' dir='ltr'><strong>urbem</strong></span> <span class='ocrx_word' id='word_1_10' title='bbox 987 417 1298 473; x_wconf 79' lang='lat' dir='ltr'>ingrederetur,</span> <span class='ocrx_word' id='word_1_11' title='bbox 1329 419 1557 475; x_wconf 87' lang='lat' dir='ltr'><strong>amicorum</strong></span> <span class='ocrx_word' id='word_1_12' title='bbox 1578 418 1755 464; x_wconf 80' lang='lat' dir='ltr'><strong>consilio</strong></span> <span class='ocrx_word' id='word_1_13' title='bbox 1782 419 2028 476; x_wconf 83' lang='lat' dir='ltr'><strong>deterritus,</strong></span> 
     </span>
     <span class='ocr_line' id='line_1_3' title="bbox 255 498 2029 556; baseline 0.001 -11"><span class='ocrx_word' id='word_1_14' title='bbox 255 503 427 555; x_wconf 86' lang='lat' dir='ltr'><strong>sumpta</strong></span> <span class='ocrx_word' id='word_1_15' title='bbox 471 502 695 555; x_wconf 87' lang='lat' dir='ltr'><strong>praetexta</strong></span> <span class='ocrx_word' id='word_1_16' title='bbox 740 502 784 542; x_wconf 87' lang='lat' dir='ltr'><strong>et</strong></span> <span class='ocrx_word' id='word_1_17' title='bbox 825 498 1063 553; x_wconf 89' lang='lat' dir='ltr'><strong>composito</strong></span> <span class='ocrx_word' id='word_1_18' title='bbox 1108 500 1276 555; x_wconf 77' lang='lat' dir='ltr'>agmine</span> <span class='ocrx_word' id='word_1_19' title='bbox 1322 500 1508 543; x_wconf 87' lang='lat' dir='ltr'><strong>incessit.</strong></span> <span class='ocrx_word' id='word_1_20' title='bbox 1566 503 1772 555; x_wconf 89' lang='lat' dir='ltr'><strong>quattuor</strong></span> <span class='ocrx_word' id='word_1_21' title='bbox 1815 500 2029 556; x_wconf 78' lang='lat' dir='ltr'><strong>legionum</strong></span> 
     </span>
     <span class='ocr_line' id='line_1_4' title="bbox 255 578 2030 637; baseline 0.001 -13"><span class='ocrx_word' id='word_1_22' title='bbox 255 580 422 636; x_wconf 88' lang='lat' dir='ltr'><strong>aquilae</strong></span> <span class='ocrx_word' id='word_1_23' title='bbox 459 593 535 635; x_wconf 89' lang='lat' dir='ltr'><strong>per</strong></span> <span class='ocrx_word' id='word_1_24' title='bbox 572 578 756 623; x_wconf 85' lang='lat' dir='ltr'><strong>frontem</strong></span> <span class='ocrx_word' id='word_1_25' title='bbox 800 579 1065 634; x_wconf 88' lang='lat' dir='ltr'><strong>totidemque</strong></span> <span class='ocrx_word' id='word_1_26' title='bbox 1105 580 1219 624; x_wconf 86' lang='lat' dir='ltr'><strong>circa</strong></span> <span class='ocrx_word' id='word_1_27' title='bbox 1260 593 1284 623; x_wconf 90' lang='lat' dir='ltr'><strong>e</strong></span> <span class='ocrx_word' id='word_1_28' title='bbox 1311 579 1550 636; x_wconf 82' lang='lat' dir='ltr'><strong>legionibus</strong></span> <span class='ocrx_word' id='word_1_29' title='bbox 1590 580 1688 625; x_wconf 88' lang='lat' dir='ltr'><strong>aliis</strong></span> <span class='ocrx_word' id='word_1_30' title='bbox 1716 581 1894 637; x_wconf 84' lang='lat' dir='ltr'><strong>vexilla,</strong></span> <span class='ocrx_word' id='word_1_31' title='bbox 1931 594 2030 626; x_wconf 88' lang='lat' dir='ltr'><strong>mox</strong></span> 
     </span>
     <span class='ocr_line' id='line_1_5' title="bbox 256 660 2032 718; baseline 0.002 -15"><span class='ocrx_word' id='word_1_32' title='bbox 256 661 476 704; x_wconf 82' lang='lat' dir='ltr'><strong>duodecim</strong></span> <span class='ocrx_word' id='word_1_33' title='bbox 516 660 679 703; x_wconf 90' lang='lat' dir='ltr'><strong>alarum</strong></span> <span class='ocrx_word' id='word_1_34' title='bbox 719 660 842 714; x_wconf 82' lang='lat' dir='ltr'><strong>signa</strong></span> <span class='ocrx_word' id='word_1_35' title='bbox 880 663 925 703; x_wconf 88' lang='lat' dir='ltr'><strong>et</strong></span> <span class='ocrx_word' id='word_1_36' title='bbox 953 663 1052 714; x_wconf 89' lang='lat' dir='ltr'><strong>post</strong></span> <span class='ocrx_word' id='word_1_37' title='bbox 1080 661 1273 715; x_wconf 87' lang='lat' dir='ltr'><strong>peditum</strong></span> <span class='ocrx_word' id='word_1_38' title='bbox 1303 661 1475 706; x_wconf 86' lang='lat' dir='ltr'><strong>ordines</strong></span> <span class='ocrx_word' id='word_1_39' title='bbox 1504 673 1655 717; x_wconf 88' lang='lat' dir='ltr'><strong>eques;</strong></span> <span class='ocrx_word' id='word_1_40' title='bbox 1698 661 1797 706; x_wconf 90' lang='lat' dir='ltr'><strong>dein</strong></span> <span class='ocrx_word' id='word_1_41' title='bbox 1825 663 2032 718; x_wconf 85' lang='lat' dir='ltr'><strong>quattuor</strong></span> 
     </span>
     <span class='ocr_line' id='line_1_6' title="bbox 223 739 2031 797; baseline 0.001 -12"><span class='ocrx_word' id='word_1_42' title='bbox 223 747 243 779; x_wconf 71' lang='grc' dir='ltr'><strong>δ</strong></span> <span class='ocrx_word' id='word_1_43' title='bbox 257 745 300 785; x_wconf 86' lang='lat' dir='ltr'><strong>et</strong></span> <span class='ocrx_word' id='word_1_44' title='bbox 330 740 507 795; x_wconf 86' lang='lat' dir='ltr'><strong>triginta</strong></span> <span class='ocrx_word' id='word_1_45' title='bbox 536 740 753 794; x_wconf 81' lang='lat' dir='ltr'><strong>cohortes,</strong></span> <span class='ocrx_word' id='word_1_46' title='bbox 795 743 846 783; x_wconf 89' lang='lat' dir='ltr'><strong>ut</strong></span> <span class='ocrx_word' id='word_1_47' title='bbox 874 740 1045 783; x_wconf 88' lang='lat' dir='ltr'><strong>nomina</strong></span> <span class='ocrx_word' id='word_1_48' title='bbox 1081 741 1269 795; x_wconf 86' lang='lat' dir='ltr'><strong>gentium</strong></span> <span class='ocrx_word' id='word_1_49' title='bbox 1311 744 1387 785; x_wconf 91' lang='lat' dir='ltr'><strong>aut</strong></span> <span class='ocrx_word' id='word_1_50' title='bbox 1426 741 1590 796; x_wconf 88' lang='lat' dir='ltr'><strong>species</strong></span> <span class='ocrx_word' id='word_1_51' title='bbox 1628 754 1843 786; x_wconf 90' lang='lat' dir='ltr'><strong>armorum</strong></span> <span class='ocrx_word' id='word_1_52' title='bbox 1879 739 2031 797; x_wconf 80' lang='lat' dir='ltr'><strong>forent,</strong></span> 
     </span>
     <span class='ocr_line' id='line_1_7' title="bbox 257 819 2031 878; baseline 0.002 -14"><span class='ocrx_word' id='word_1_53' title='bbox 257 821 480 865; x_wconf 76' lang='lat' dir='ltr'><strong>discretae.</strong></span> <span class='ocrx_word' id='word_1_54' title='bbox 526 825 626 864; x_wconf 90' lang='lat' dir='ltr'><strong>ante</strong></span> <span class='ocrx_word' id='word_1_55' title='bbox 663 819 829 876; x_wconf 86' lang='lat' dir='ltr'><strong>aquilas</strong></span> <span class='ocrx_word' id='word_1_56' title='bbox 868 819 1075 875; x_wconf 88' lang='lat' dir='ltr'><strong>praefecti</strong></span> <span class='ocrx_word' id='word_1_57' title='bbox 1113 824 1352 865; x_wconf 86' lang='lat' dir='ltr'><strong>castrorum</strong></span> <span class='ocrx_word' id='word_1_58' title='bbox 1382 821 1627 878; x_wconf 85' lang='lat' dir='ltr'><strong>tribunique</strong></span> <span class='ocrx_word' id='word_1_59' title='bbox 1656 825 1702 867; x_wconf 88' lang='lat' dir='ltr'><strong>et</strong></span> <span class='ocrx_word' id='word_1_60' title='bbox 1729 822 1856 877; x_wconf 89' lang='lat' dir='ltr'><strong>primi</strong></span> <span class='ocrx_word' id='word_1_61' title='bbox 1884 825 2031 867; x_wconf 83' lang='lat' dir='ltr'><strong>centu-</strong></span> 
     </span>
     <span class='ocr_line' id='line_1_8' title="bbox 257 900 2031 958; baseline 0.002 -14"><span class='ocrx_word' id='word_1_62' title='bbox 257 902 421 945; x_wconf 91' lang='lat' dir='ltr'><strong>rionum</strong></span> <span class='ocrx_word' id='word_1_63' title='bbox 461 901 641 945; x_wconf 86' lang='lat' dir='ltr'><strong>candida</strong></span> <span class='ocrx_word' id='word_1_64' title='bbox 678 904 816 954; x_wconf 87' lang='lat' dir='ltr'><strong>veste;</strong></span> <span class='ocrx_word' id='word_1_65' title='bbox 858 901 989 945; x_wconf 88' lang='lat' dir='ltr'><strong>ceteri</strong></span> <span class='ocrx_word' id='word_1_66' title='bbox 1019 902 1139 945; x_wconf 82' lang='lat' dir='ltr'><strong>iuxta</strong></span> <span class='ocrx_word' id='word_1_67' title='bbox 1167 913 1289 945; x_wconf 87' lang='lat' dir='ltr'><strong>suam</strong></span> <span class='ocrx_word' id='word_1_68' title='bbox 1320 902 1500 958; x_wconf 89' lang='lat' dir='ltr'><strong>quisque</strong></span> <span class='ocrx_word' id='word_1_69' title='bbox 1529 902 1765 947; x_wconf 87' lang='lat' dir='ltr'><strong>centuriam</strong></span> <span class='ocrx_word' id='word_1_70' title='bbox 1795 902 1927 947; x_wconf 81' lang='lat' dir='ltr'><strong>armis</strong></span> <span class='ocrx_word' id='word_1_71' title='bbox 1954 900 2031 947; x_wconf 51' lang='lat' dir='ltr'><strong>do&amp;-</strong></span> 
     </span>
     <span class='ocr_line' id='line_1_9' title="bbox 258 981 2033 1038; baseline 0.002 -13"><span class='ocrx_word' id='word_1_72' title='bbox 258 982 407 1037; x_wconf 89' lang='lat' dir='ltr'><strong>nisque</strong></span> <span class='ocrx_word' id='word_1_73' title='bbox 444 981 677 1038; x_wconf 83' lang='lat' dir='ltr'><strong>fulgentes,</strong></span> <span class='ocrx_word' id='word_1_74' title='bbox 719 985 764 1025; x_wconf 90' lang='lat' dir='ltr'><strong>et</strong></span> <span class='ocrx_word' id='word_1_75' title='bbox 792 981 974 1025; x_wconf 90' lang='lat' dir='ltr'><strong>militum</strong></span> <span class='ocrx_word' id='word_1_76' title='bbox 1014 981 1217 1037; x_wconf 78' lang='lat' dir='ltr'><strong>phalerae</strong></span> <span class='ocrx_word' id='word_1_77' title='bbox 1255 985 1514 1038; x_wconf 82' lang='lat' dir='ltr'><strong>torquesque</strong></span> <span class='ocrx_word' id='word_1_78' title='bbox 1542 982 1832 1038; x_wconf 86' lang='lat' dir='ltr'><strong>splendebant.</strong></span> <span class='ocrx_word' id='word_1_79' title='bbox 1876 982 2033 1027; x_wconf 85' lang='lat' dir='ltr'><strong>deeora</strong></span> 
     </span>
     <span class='ocr_line' id='line_1_10' title="bbox 258 1062 2033 1120; baseline 0.001 -14"><span class='ocrx_word' id='word_1_80' title='bbox 258 1062 387 1107; x_wconf 84' lang='lat' dir='ltr'><strong>facies</strong></span> <span class='ocrx_word' id='word_1_81' title='bbox 418 1066 462 1106; x_wconf 93' lang='lat' dir='ltr'><strong>et</strong></span> <span class='ocrx_word' id='word_1_82' title='bbox 491 1076 573 1106; x_wconf 92' lang='lat' dir='ltr'><strong>non</strong></span> <span class='ocrx_word' id='word_1_83' title='bbox 595 1062 768 1107; x_wconf 90' lang='lat' dir='ltr'><strong>Vitellio</strong></span> <span class='ocrx_word' id='word_1_84' title='bbox 790 1063 983 1118; x_wconf 84' lang='lat' dir='ltr'><strong>principe</strong></span> <span class='ocrx_word' id='word_1_85' title='bbox 1003 1063 1159 1117; x_wconf 89' lang='lat' dir='ltr'><strong>dignus</strong></span> <span class='ocrx_word' id='word_1_86' title='bbox 1178 1063 1401 1107; x_wconf 86' lang='lat' dir='ltr'><strong>exereitus.</strong></span> <span class='ocrx_word' id='word_1_87' title='bbox 1446 1063 1509 1107; x_wconf 87' lang='lat' dir='ltr'><strong>sic</strong></span> <span class='ocrx_word' id='word_1_88' title='bbox 1528 1062 1787 1118; x_wconf 79' lang='lat' dir='ltr'><strong>Capitolium</strong></span> <span class='ocrx_word' id='word_1_89' title='bbox 1814 1063 2033 1120; x_wconf 81' lang='lat' dir='ltr'><strong>ingressus</strong></span> 
     </span>
     <span class='ocr_line' id='line_1_11' title="bbox 204 1142 2034 1200; baseline 0.001 -14"><span class='ocrx_word' id='word_1_90' title='bbox 204 1154 245 1185; x_wconf 89' lang='lat'><strong>10</strong></span> <span class='ocrx_word' id='word_1_91' title='bbox 258 1147 387 1199; x_wconf 85' lang='lat' dir='ltr'><strong>atque</strong></span> <span class='ocrx_word' id='word_1_92' title='bbox 414 1142 472 1187; x_wconf 90' lang='lat' dir='ltr'><strong>ibi</strong></span> <span class='ocrx_word' id='word_1_93' title='bbox 502 1147 682 1187; x_wconf 85' lang='lat' dir='ltr'><strong>matrem</strong></span> <span class='ocrx_word' id='word_1_94' title='bbox 713 1143 955 1199; x_wconf 83' lang='lat' dir='ltr'><strong>complexus</strong></span> <span class='ocrx_word' id='word_1_95' title='bbox 985 1145 1209 1198; x_wconf 76' lang='lat' dir='ltr'><strong>Augustae</strong></span> <span class='ocrx_word' id='word_1_96' title='bbox 1239 1143 1410 1187; x_wconf 92' lang='lat' dir='ltr'><strong>nomine</strong></span> <span class='ocrx_word' id='word_1_97' title='bbox 1437 1142 1672 1188; x_wconf 78' lang='lat' dir='ltr'><strong>honoravit.</strong></span> <span class='ocrx_word' id='word_1_98' title='bbox 1730 1143 1826 1200; x_wconf 88' lang='grc'>(90)</span> <span class='ocrx_word' id='word_1_99' title='bbox 1859 1148 2034 1200; x_wconf 83' lang='lat' dir='ltr'><strong>postera</strong></span> 
     </span>
     <span class='ocr_line' id='line_1_12' title="bbox 258 1222 2033 1281; baseline 0.001 -12"><span class='ocrx_word' id='word_1_100' title='bbox 258 1225 327 1269; x_wconf 88' lang='lat' dir='ltr'><strong>dic</strong></span> <span class='ocrx_word' id='word_1_101' title='bbox 366 1228 569 1280; x_wconf 86' lang='lat' dir='ltr'><strong>tanquam</strong></span> <span class='ocrx_word' id='word_1_102' title='bbox 612 1225 728 1279; x_wconf 89' lang='lat' dir='ltr'><strong>apud</strong></span> <span class='ocrx_word' id='word_1_103' title='bbox 766 1224 944 1269; x_wconf 79' lang='lat' dir='ltr'><strong>alterius</strong></span> <span class='ocrx_word' id='word_1_104' title='bbox 983 1225 1170 1268; x_wconf 85' lang='lat' dir='ltr'><strong>civitatis</strong></span> <span class='ocrx_word' id='word_1_105' title='bbox 1210 1229 1405 1268; x_wconf 87' lang='lat' dir='ltr'><strong>senatum</strong></span> <span class='ocrx_word' id='word_1_106' title='bbox 1442 1224 1733 1280; x_wconf 89' lang='lat' dir='ltr'><strong>populumque</strong></span> <span class='ocrx_word' id='word_1_107' title='bbox 1769 1222 2033 1281; x_wconf 74' lang='lat' dir='ltr'><strong>magnificam</strong></span> 
     </span>
     <span class='ocr_line' id='line_1_13' title="bbox 258 1305 2035 1362; baseline 0.001 -13"><span class='ocrx_word' id='word_1_108' title='bbox 258 1306 493 1350; x_wconf 91' lang='lat' dir='ltr'><strong>orationem</strong></span> <span class='ocrx_word' id='word_1_109' title='bbox 524 1306 577 1349; x_wconf 90' lang='lat' dir='ltr'><strong>de</strong></span> <span class='ocrx_word' id='word_1_110' title='bbox 606 1310 741 1350; x_wconf 88' lang='lat' dir='ltr'><strong>semet</strong></span> <span class='ocrx_word' id='word_1_111' title='bbox 770 1306 864 1360; x_wconf 89' lang='lat' dir='ltr'><strong>ipso</strong></span> <span class='ocrx_word' id='word_1_112' title='bbox 894 1306 1127 1360; x_wconf 87' lang='lat' dir='ltr'><strong>prompsit,</strong></span> <span class='ocrx_word' id='word_1_113' title='bbox 1169 1306 1423 1349; x_wconf 86' lang='lat' dir='ltr'><strong>industriam</strong></span> <span class='ocrx_word' id='word_1_114' title='bbox 1463 1305 1876 1362; x_wconf 85' lang='lat' dir='ltr'><strong>temperantiamque</strong></span> <span class='ocrx_word' id='word_1_115' title='bbox 1911 1317 2035 1359; x_wconf 82' lang='lat' dir='ltr'><strong>suam</strong></span> 
     </span>
     <span class='ocr_line' id='line_1_14' title="bbox 257 1385 2034 1442; baseline 0 -12"><span class='ocrx_word' id='word_1_116' title='bbox 257 1386 456 1430; x_wconf 79' lang='lat' dir='ltr'><strong>laudibus</strong></span> <span class='ocrx_word' id='word_1_117' title='bbox 486 1386 708 1440; x_wconf 80' lang='lat' dir='ltr'><strong>adtollens,</strong></span> <span class='ocrx_word' id='word_1_118' title='bbox 739 1386 918 1431; x_wconf 88' lang='lat' dir='ltr'><strong>consciis</strong></span> <span class='ocrx_word' id='word_1_119' title='bbox 946 1385 1205 1441; x_wconf 86' lang='lat' dir='ltr'><strong>flagitiorum</strong></span> <span class='ocrx_word' id='word_1_120' title='bbox 1234 1387 1339 1441; x_wconf 90' lang='lat' dir='ltr'><strong>ipsis</strong></span> <span class='ocrx_word' id='word_1_121' title='bbox 1368 1386 1443 1441; x_wconf 92' lang='lat' dir='ltr'><strong>qui</strong></span> <span class='ocrx_word' id='word_1_122' title='bbox 1473 1386 1653 1430; x_wconf 89' lang='lat' dir='ltr'><strong>aderant</strong></span> <span class='ocrx_word' id='word_1_123' title='bbox 1672 1386 1871 1442; x_wconf 91' lang='lat' dir='ltr'><strong>omnique</strong></span> <span class='ocrx_word' id='word_1_124' title='bbox 1890 1385 2034 1441; x_wconf 78' lang='lat' dir='ltr'><strong>Italia,</strong></span> 
     </span>
     <span class='ocr_line' id='line_1_15' title="bbox 259 1467 2034 1522; baseline 0 -12"><span class='ocrx_word' id='word_1_125' title='bbox 259 1480 337 1522; x_wconf 90' lang='lat' dir='ltr'><strong>per</strong></span> <span class='ocrx_word' id='word_1_126' title='bbox 376 1480 503 1522; x_wconf 90' lang='lat' dir='ltr'><strong>quam</strong></span> <span class='ocrx_word' id='word_1_127' title='bbox 544 1479 690 1510; x_wconf 89' lang='lat' dir='ltr'><strong>somno</strong></span> <span class='ocrx_word' id='word_1_128' title='bbox 730 1470 774 1511; x_wconf 89' lang='lat' dir='ltr'><strong>et</strong></span> <span class='ocrx_word' id='word_1_129' title='bbox 809 1467 911 1510; x_wconf 88' lang='lat' dir='ltr'><strong>luxu</strong></span> <span class='ocrx_word' id='word_1_130' title='bbox 951 1468 1175 1522; x_wconf 89' lang='lat' dir='ltr'><strong>pudendus</strong></span> <span class='ocrx_word' id='word_1_131' title='bbox 1214 1468 1457 1511; x_wconf 84' lang='lat' dir='ltr'><strong>incesserat.</strong></span> <span class='ocrx_word' id='word_1_132' title='bbox 1503 1467 1653 1521; x_wconf 83' lang='lat' dir='ltr'><strong>volgus</strong></span> <span class='ocrx_word' id='word_1_133' title='bbox 1683 1469 1825 1511; x_wconf 87' lang='lat' dir='ltr'><strong>tamen</strong></span> <span class='ocrx_word' id='word_1_134' title='bbox 1854 1477 2034 1511; x_wconf 68' lang='lat' dir='ltr'><strong>vacuum</strong></span> 
     </span>
     <span class='ocr_line' id='line_1_16' title="bbox 205 1529 2035 1603; baseline 0.001 -13"><span class='ocrx_word' id='word_1_135' title='bbox 205 1559 245 1590; x_wconf 74' lang='grc' dir='ltr'><strong>ιο</strong></span> <span class='ocrx_word' id='word_1_136' title='bbox 261 1547 376 1592; x_wconf 88' lang='lat' dir='ltr'><strong>curis</strong></span> <span class='ocrx_word' id='word_1_137' title='bbox 413 1551 460 1592; x_wconf 91' lang='lat' dir='ltr'><strong>et</strong></span> <span class='ocrx_word' id='word_1_138' title='bbox 488 1547 580 1592; x_wconf 89' lang='lat' dir='ltr'><strong>sine</strong></span> <span class='ocrx_word' id='word_1_139' title='bbox 610 1546 708 1591; x_wconf 84' lang='lat' dir='ltr'><strong>falsi</strong></span> <span class='ocrx_word' id='word_1_140' title='bbox 738 1548 912 1603; x_wconf 88' lang='lat' dir='ltr'><strong>verique</strong></span> <span class='ocrx_word' id='word_1_141' title='bbox 949 1529 1194 1591; x_wconf 84' lang='lat' dir='ltr'><strong>discrimine</strong></span> <span class='ocrx_word' id='word_1_142' title='bbox 1229 1546 1376 1591; x_wconf 87' lang='lat' dir='ltr'><strong>solitas</strong></span> <span class='ocrx_word' id='word_1_143' title='bbox 1416 1546 1684 1591; x_wconf 87' lang='lat' dir='ltr'><strong>adulationes</strong></span> <span class='ocrx_word' id='word_1_144' title='bbox 1717 1547 1912 1591; x_wconf 87' lang='lat' dir='ltr'><strong>edoctum</strong></span> <span class='ocrx_word' id='word_1_145' title='bbox 1948 1546 2035 1591; x_wconf 82' lang='lat' dir='ltr'><strong>cla-</strong></span> 
     </span>
     <span class='ocr_line' id='line_1_17' title="bbox 259 1628 2035 1684; baseline -0.001 -12"><span class='ocrx_word' id='word_1_146' title='bbox 259 1642 377 1672; x_wconf 90' lang='lat' dir='ltr'><strong>more</strong></span> <span class='ocrx_word' id='word_1_147' title='bbox 405 1632 448 1673; x_wconf 89' lang='lat' dir='ltr'><strong>et</strong></span> <span class='ocrx_word' id='word_1_148' title='bbox 478 1628 652 1673; x_wconf 88' lang='lat' dir='ltr'><strong>vocibus</strong></span> <span class='ocrx_word' id='word_1_149' title='bbox 681 1628 946 1683; x_wconf 81' lang='lat' dir='ltr'><strong>astrepebat3</strong></span> <span class='ocrx_word' id='word_1_150' title='bbox 977 1628 1264 1684; x_wconf 86' lang='lat' dir='ltr'><strong>abnuentique</strong></span> <span class='ocrx_word' id='word_1_151' title='bbox 1293 1641 1443 1672; x_wconf 89' lang='lat' dir='ltr'><strong>nomen</strong></span> <span class='ocrx_word' id='word_1_152' title='bbox 1474 1628 1658 1683; x_wconf 84' lang='lat' dir='ltr'><strong>Augusti</strong></span> <span class='ocrx_word' id='word_1_153' title='bbox 1687 1638 1956 1682; x_wconf 84' lang='lat' dir='ltr'><strong>expressere,</strong></span> <span class='ocrx_word' id='word_1_154' title='bbox 1983 1629 2035 1671; x_wconf 90' lang='lat' dir='ltr'><strong>ut</strong></span> 
     </span>
     <span class='ocr_line' id='line_1_18' title="bbox 260 1708 2036 1765; baseline -0.001 -12"><span class='ocrx_word' id='word_1_155' title='bbox 260 1711 525 1762; x_wconf 83' lang='lat' dir='ltr'><strong>adsumeret,</strong></span> <span class='ocrx_word' id='word_1_156' title='bbox 556 1714 643 1753; x_wconf 87' lang='lat' dir='ltr'><strong>tam</strong></span> <span class='ocrx_word' id='word_1_157' title='bbox 673 1708 835 1753; x_wconf 89' lang='lat' dir='ltr'><strong>frustra</strong></span> <span class='ocrx_word' id='word_1_158' title='bbox 864 1722 992 1765; x_wconf 87' lang='lat' dir='ltr'><strong>quam</strong></span> <span class='ocrx_word' id='word_1_159' title='bbox 1022 1712 1307 1753; x_wconf 83' lang='lat' dir='ltr'><strong>recusaverat.</strong></span> <span class='ocrx_word' id='word_1_160' title='bbox 1367 1708 1462 1764; x_wconf 85' lang='lat'>(91)</span> <span class='ocrx_word' id='word_1_161' title='bbox 1491 1709 1608 1764; x_wconf 88' lang='lat' dir='ltr'><strong>apud</strong></span> <span class='ocrx_word' id='word_1_162' title='bbox 1638 1708 1854 1758; x_wconf 76' lang='lat' dir='ltr'><strong>civitatem</strong></span> <span class='ocrx_word' id='word_1_163' title='bbox 1882 1709 2036 1752; x_wconf 81' lang='lat' dir='ltr'><strong>cuncta</strong></span> 
     </span>
     <span class='ocr_line' id='line_1_19' title="bbox 260 1787 2035 1845; baseline -0.001 -11"><span class='ocrx_word' id='word_1_164' title='bbox 260 1791 612 1845; x_wconf 88' lang='lat' dir='ltr'><strong>interpretantem</strong></span> <span class='ocrx_word' id='word_1_165' title='bbox 642 1789 802 1834; x_wconf 87' lang='lat' dir='ltr'><strong>funesti</strong></span> <span class='ocrx_word' id='word_1_166' title='bbox 831 1790 984 1834; x_wconf 92' lang='lat' dir='ltr'><strong>ominis</strong></span> <span class='ocrx_word' id='word_1_167' title='bbox 1012 1789 1105 1834; x_wconf 89' lang='lat' dir='ltr'><strong>loco</strong></span> <span class='ocrx_word' id='word_1_168' title='bbox 1136 1793 1356 1844; x_wconf 89' lang='lat' dir='ltr'><strong>acceptum</strong></span> <span class='ocrx_word' id='word_1_169' title='bbox 1385 1794 1464 1844; x_wconf 88' lang='lat' dir='ltr'><strong>est,</strong></span> <span class='ocrx_word' id='word_1_170' title='bbox 1494 1789 1608 1844; x_wconf 91' lang='lat' dir='ltr'><strong>quod</strong></span> <span class='ocrx_word' id='word_1_171' title='bbox 1636 1789 1865 1833; x_wconf 83' lang='lat' dir='ltr'><strong>maximum</strong></span> <span class='ocrx_word' id='word_1_172' title='bbox 1893 1787 2035 1844; x_wconf 88' lang='lat' dir='ltr'><strong>ponti-</strong></span> 
     </span>
     <span class='ocr_line' id='line_1_20' title="bbox 261 1869 2035 1926; baseline -0.001 -12"><span class='ocrx_word' id='word_1_173' title='bbox 261 1869 435 1915; x_wconf 87' lang='lat' dir='ltr'><strong>ficatum</strong></span> <span class='ocrx_word' id='word_1_174' title='bbox 465 1870 647 1926; x_wconf 83' lang='lat' dir='ltr'><strong>adeptus</strong></span> <span class='ocrx_word' id='word_1_175' title='bbox 670 1870 869 1915; x_wconf 89' lang='lat' dir='ltr'><strong>Vitellius</strong></span> <span class='ocrx_word' id='word_1_176' title='bbox 899 1871 954 1914; x_wconf 90' lang='lat' dir='ltr'><strong>de</strong></span> <span class='ocrx_word' id='word_1_177' title='bbox 982 1870 1249 1915; x_wconf 88' lang='lat' dir='ltr'><strong>caerimoniis</strong></span> <span class='ocrx_word' id='word_1_178' title='bbox 1278 1869 1459 1925; x_wconf 91' lang='lat' dir='ltr'><strong>publicis</strong></span> <span class='ocrx_word' id='word_1_179' title='bbox 1478 1869 1569 1913; x_wconf 87' lang='lat' dir='ltr'><strong>XV.</strong></span> <span class='ocrx_word' id='word_1_180' title='bbox 1591 1869 1796 1913; x_wconf 85' lang='lat' dir='ltr'><strong>kalendas</strong></span> <span class='ocrx_word' id='word_1_181' title='bbox 1815 1869 2035 1925; x_wconf 78' lang='lat' dir='ltr'><strong>Augustas</strong></span> 
     </span>
     <span class='ocr_line' id='line_1_21' title="bbox 206 1947 2036 2006; baseline -0.002 -10"><span class='ocrx_word' id='word_1_182' title='bbox 206 1966 249 1997; x_wconf 77' lang='lat' dir='ltr'><strong>ao</strong></span> <span class='ocrx_word' id='word_1_183' title='bbox 262 1952 485 2005; x_wconf 87' lang='lat' dir='ltr'><strong>edixisset,</strong></span> <span class='ocrx_word' id='word_1_184' title='bbox 516 1951 753 2006; x_wconf 86' lang='lat' dir='ltr'><strong>antiquitus</strong></span> <span class='ocrx_word' id='word_1_185' title='bbox 782 1949 970 1995; x_wconf 82' lang='lat' dir='ltr'><strong>infausto</strong></span> <span class='ocrx_word' id='word_1_186' title='bbox 1000 1951 1070 1995; x_wconf 90' lang='lat' dir='ltr'><strong>die</strong></span> <span class='ocrx_word' id='word_1_187' title='bbox 1100 1950 1365 1995; x_wconf 87' lang='lat' dir='ltr'><strong>Cremerensi</strong></span> <span class='ocrx_word' id='word_1_188' title='bbox 1394 1949 1657 2005; x_wconf 87' lang='lat' dir='ltr'><strong>Alliensique</strong></span> <span class='ocrx_word' id='word_1_189' title='bbox 1686 1947 1898 1994; x_wconf 86' lang='lat' dir='ltr'><strong>cladibus:</strong></span> <span class='ocrx_word' id='word_1_190' title='bbox 1928 1948 2036 1993; x_wconf 86' lang='lat' dir='ltr'><strong>adeo</strong></span> 
     </span>
    </p>
   </div>
   <div class='ocr_carea' id='block_1_3' title="bbox 262 2110 2038 2200">
    <p class='ocr_par' dir='ltr' id='par_1_3' title="bbox 262 2110 2038 2200">
     <span class='ocr_line' id='line_1_22' title="bbox 355 2110 2038 2153; baseline -0.001 -9"><span class='ocrx_word' id='word_1_191' title='bbox 355 2115 375 2145; x_wconf 83' lang='grc'><strong>6</strong></span> <span class='ocrx_word' id='word_1_192' title='bbox 410 2113 549 2144; x_wconf 80' lang='lat' dir='ltr'><strong>discrete</strong></span> <span class='ocrx_word' id='word_1_193' title='bbox 642 2113 771 2153; x_wconf 79' lang='lat' dir='ltr'><strong>aquilas</strong></span> <span class='ocrx_word' id='word_1_194' title='bbox 805 2112 846 2144; x_wconf 80' lang='lat' dir='ltr'><strong>b.-</strong></span> <span class='ocrx_word' id='word_1_195' title='bbox 869 2113 982 2152; x_wconf 85' lang='lat' dir='ltr'><strong>aquila</strong></span> <span class='ocrx_word' id='word_1_196' title='bbox 1077 2114 1117 2145; x_wconf 77' lang='lat'><strong>12</strong></span> <span class='ocrx_word' id='word_1_197' title='bbox 1156 2112 1228 2152; x_wconf 85' lang='lat' dir='ltr'><strong>ipse</strong></span> <span class='ocrx_word' id='word_1_198' title='bbox 1252 2111 1353 2143; x_wconf 62' lang='lat' dir='ltr'><strong>Rimu-</strong></span> <span class='ocrx_word' id='word_1_199' title='bbox 1447 2114 1488 2145; x_wconf 78' lang='lat' dir='ltr'><strong>le</strong></span> <span class='ocrx_word' id='word_1_200' title='bbox 1523 2112 1622 2143; x_wconf 71' lang='lat' dir='ltr'><strong>ltalia</strong></span> <span class='ocrx_word' id='word_1_201' title='bbox 1714 2112 1756 2145; x_wconf 77' lang='lat'><strong>1⁶</strong></span> <span class='ocrx_word' id='word_1_202' title='bbox 1791 2110 1978 2143; x_wconf 64' lang='lat' dir='ltr'><strong>mumon-</strong></span> <span class='ocrx_word' id='word_1_203' title='bbox 2000 2119 2038 2142; x_wconf 80' lang='lat' dir='ltr'><strong>aa</strong></span> 
     </span>
     <span class='ocr_line' id='line_1_23' title="bbox 262 2156 2035 2200; baseline -0.001 -9"><span class='ocrx_word' id='word_1_204' title='bbox 262 2160 359 2191; x_wconf 75' lang='lat' dir='ltr'><strong>doctu</strong></span> <span class='ocrx_word' id='word_1_205' title='bbox 454 2160 495 2191; x_wconf 83' lang='lat'><strong>18</strong></span> <span class='ocrx_word' id='word_1_206' title='bbox 520 2156 603 2190; x_wconf 71' lang='lat' dir='ltr'><strong>oniis</strong></span> <span class='ocrx_word' id='word_1_207' title='bbox 699 2161 739 2192; x_wconf 77' lang='lat'><strong>1⁹</strong></span> <span class='ocrx_word' id='word_1_208' title='bbox 764 2159 952 2191; x_wconf 78' lang='lat' dir='ltr'><strong>cerimoniis</strong></span> <span class='ocrx_word' id='word_1_209' title='bbox 1043 2158 1354 2199; x_wconf 81' lang='lat' dir='ltr'><strong>quintumdecimum</strong></span> <span class='ocrx_word' id='word_1_210' title='bbox 1377 2158 1479 2190; x_wconf 72' lang='lat' dir='ltr'><strong>Bt‘oeer</strong></span> <span class='ocrx_word' id='word_1_211' title='bbox 1569 2158 1606 2190; x_wconf 81' lang='lat' dir='ltr'><strong>kl</strong></span> <span class='ocrx_word' id='word_1_212' title='bbox 1629 2156 1674 2200; x_wconf 68' lang='grc' dir='ltr'><strong>ῐξ</strong></span> <span class='ocrx_word' id='word_1_213' title='bbox 1697 2161 1784 2199; x_wconf 59' lang='grc' dir='ltr'>(σιω</span> <span class='ocrx_word' id='word_1_214' title='bbox 1799 2156 1858 2189; x_wconf 65' lang='lat' dir='ltr'><strong>lan.</strong></span> <span class='ocrx_word' id='word_1_215' title='bbox 1880 2156 1992 2189; x_wconf 59' lang='lat' dir='ltr'><strong>inm</strong></span> <span class='ocrx_word' id='word_1_216' title='bbox 2008 2156 2035 2197; x_wconf 86' lang='lat'><strong>1)</strong></span> 
     </span>
    </p>
   </div>
   <div class='ocr_carea' id='block_1_4' title="bbox 264 2304 2063 3437">
    <p class='ocr_par' dir='ltr' id='par_1_4' title="bbox 264 2304 2036 2808">
     <span class='ocr_line' id='line_1_24' title="bbox 264 2304 2036 2349; baseline -0.001 -9"><span class='ocrx_word' id='word_1_217' title='bbox 264 2309 380 2340; x_wconf 76' lang='lat' dir='ltr'><strong>secisse</strong></span> <span class='ocrx_word' id='word_1_218' title='bbox 411 2308 451 2339; x_wconf 88' lang='lat' dir='ltr'><strong>V.</strong></span> <span class='ocrx_word' id='word_1_219' title='bbox 470 2309 533 2340; x_wconf 85' lang='lat'><strong>11:</strong></span> <span class='ocrx_word' id='word_1_220' title='bbox 576 2307 686 2339; x_wconf 72' lang='lat' dir='ltr'><strong>Urbem</strong></span> <span class='ocrx_word' id='word_1_221' title='bbox 719 2308 850 2348; x_wconf 73' lang='lat' dir='ltr'><strong>denc&#39;que</strong></span> <span class='ocrx_word' id='word_1_222' title='bbox 882 2308 929 2340; x_wconf 79' lang='lat' dir='ltr'><strong>ad</strong></span> <span class='ocrx_word' id='word_1_223' title='bbox 960 2308 1130 2341; x_wconf 68' lang='lat' dir='ltr'><strong>danicum</strong></span> <span class='ocrx_word' id='word_1_224' title='bbox 1164 2309 1238 2349; x_wconf 82' lang='lat' dir='ltr'><strong>lica,</strong></span> <span class='ocrx_word' id='word_1_225' title='bbox 1263 2309 1305 2349; x_wconf 85' lang='lat' dir='ltr'><strong>V,</strong></span> <span class='ocrx_word' id='word_1_226' title='bbox 1329 2307 1410 2340; x_wconf 79' lang='lat' dir='ltr'><strong>XXI</strong></span> <span class='ocrx_word' id='word_1_227' title='bbox 1435 2308 1561 2349; x_wconf 80' lang='lat' dir='ltr'><strong>Rapax,</strong></span> <span class='ocrx_word' id='word_1_228' title='bbox 1588 2306 1700 2347; x_wconf 82' lang='lat' dir='ltr'><strong>XXII,</strong></span> <span class='ocrx_word' id='word_1_229' title='bbox 1725 2311 1761 2339; x_wconf 84' lang='lat' dir='ltr'><strong>ut</strong></span> <span class='ocrx_word' id='word_1_230' title='bbox 1783 2305 1934 2339; x_wconf 80' lang='lat' dir='ltr'><strong>conicere</strong></span> <span class='ocrx_word' id='word_1_231' title='bbox 1957 2304 2036 2338; x_wconf 74' lang='lat' dir='ltr'><strong>lieet</strong></span> 
     </span>
     <span class='ocr_line' id='line_1_25' title="bbox 265 2362 2030 2410; baseline -0.001 -13"><span class='ocrx_word' id='word_1_232' title='bbox 265 2366 387 2397; x_wconf 68' lang='lat' dir='ltr'><strong>introiit</strong></span> <span class='ocrx_word' id='word_1_233' title='bbox 419 2365 599 2406; x_wconf 72' lang='lat' dir='ltr'><strong>paludatus</strong></span> <span class='ocrx_word' id='word_1_234' title='bbox 636 2365 794 2407; x_wconf 75' lang='lat' dir='ltr'><strong>firroque</strong></span> <span class='ocrx_word' id='word_1_235' title='bbox 832 2366 1010 2397; x_wconf 68' lang='lat' dir='ltr'><strong>succinctus</strong></span> <span class='ocrx_word' id='word_1_236' title='bbox 1048 2366 1131 2397; x_wconf 73' lang='lat' dir='ltr'><strong>inter</strong></span> <span class='ocrx_word' id='word_1_237' title='bbox 1166 2376 1205 2398; x_wconf 83' lang='lat' dir='ltr'><strong>ex</strong></span> <span class='ocrx_word' id='word_1_238' title='bbox 1231 2367 1269 2405; x_wconf 75' lang='lat'><strong>2,</strong></span> <span class='ocrx_word' id='word_1_239' title='bbox 1298 2367 1380 2405; x_wconf 87' lang='lat'><strong>100,</strong></span> <span class='ocrx_word' id='word_1_240' title='bbox 1414 2365 1512 2410; x_wconf 70' lang='lat' dir='ltr'><strong>etiam</strong></span> <span class='ocrx_word' id='word_1_241' title='bbox 1545 2375 1585 2397; x_wconf 81' lang='lat' dir='ltr'><strong>ex</strong></span> <span class='ocrx_word' id='word_1_242' title='bbox 1609 2366 1650 2404; x_wconf 76' lang='lat'><strong>3,</strong></span> <span class='ocrx_word' id='word_1_243' title='bbox 1678 2365 1719 2397; x_wconf 77' lang='lat'><strong>28</strong></span> <span class='ocrx_word' id='word_1_244' title='bbox 1743 2368 1831 2397; x_wconf 78' lang='lat' dir='ltr'><strong>reete</strong></span> <span class='ocrx_word' id='word_1_245' title='bbox 1853 2362 2030 2395; x_wconf 66' lang='lat' dir='ltr'><strong>hun-eto.</strong></span> 
     </span>
     <span class='ocr_line' id='line_1_26' title="bbox 264 2419 2033 2463; baseline -0.001 -10"><span class='ocrx_word' id='word_1_246' title='bbox 264 2424 357 2462; x_wconf 63' lang='lat' dir='ltr'><strong>sigma</strong></span> <span class='ocrx_word' id='word_1_247' title='bbox 378 2427 472 2462; x_wconf 67' lang='lat' dir='ltr'><strong>atquc</strong></span> <span class='ocrx_word' id='word_1_248' title='bbox 496 2422 623 2462; x_wconf 73' lang='lat' dir='ltr'><strong>vexilla,</strong></span> <span class='ocrx_word' id='word_1_249' title='bbox 648 2423 804 2463; x_wconf 68' lang='lat' dir='ltr'><strong>scandatis</strong></span> <span class='ocrx_word' id='word_1_250' title='bbox 828 2423 991 2455; x_wconf 70' lang='lat' dir='ltr'><strong>comitibus</strong></span> <span class='ocrx_word' id='word_1_251' title='bbox 1013 2434 1055 2455; x_wconf 79' lang='lat' dir='ltr'><strong>ac</strong></span> <span class='ocrx_word' id='word_1_252' title='bbox 1078 2422 1129 2454; x_wconf 72' lang='lat' dir='ltr'><strong>de·</strong></span> <span class='ocrx_word' id='word_1_253' title='bbox 1165 2424 1206 2455; x_wconf 78' lang='lat' dir='ltr'><strong>cf.</strong></span> <span class='ocrx_word' id='word_1_254' title='bbox 1235 2425 1265 2463; x_wconf 84' lang='lat'><strong>1,</strong></span> <span class='ocrx_word' id='word_1_255' title='bbox 1290 2425 1331 2456; x_wconf 69' lang='lat'><strong>⁶1</strong></span> <span class='ocrx_word' id='word_1_256' title='bbox 1358 2426 1391 2455; x_wconf 86' lang='lat' dir='ltr'><strong>et</strong></span> <span class='ocrx_word' id='word_1_257' title='bbox 1412 2424 1468 2455; x_wconf 72' lang='lat'><strong>⁶4.</strong></span> <span class='ocrx_word' id='word_1_258' title='bbox 1491 2422 1635 2454; x_wconf 73' lang='grc' dir='ltr'>Βιττειι.</span> <span class='ocrx_word' id='word_1_259' title='bbox 1661 2440 1704 2447; x_wconf 89' lang='grc'>-</span> <span class='ocrx_word' id='word_1_260' title='bbox 1726 2433 1744 2454; x_wconf 79' lang='lat' dir='ltr'><strong>e</strong></span> <span class='ocrx_word' id='word_1_261' title='bbox 1767 2419 2033 2462; x_wconf 63' lang='grc' dir='ltr'><strong>ιηὸωιῦιιιαὶὸι</strong></span> 
     </span>
     <span class='ocr_line' id='line_1_27' title="bbox 264 2476 2032 2522; baseline -0.001 -11"><span class='ocrx_word' id='word_1_262' title='bbox 264 2482 351 2512; x_wconf 74' lang='lat' dir='ltr'><strong>tectis</strong></span> <span class='ocrx_word' id='word_1_263' title='bbox 385 2481 628 2513; x_wconf 74' lang='lat' dir='ltr'><strong>commilitonum</strong></span> <span class='ocrx_word' id='word_1_264' title='bbox 661 2480 771 2513; x_wconf 73' lang='lat' dir='ltr'><strong>annis.</strong></span> <span class='ocrx_word' id='word_1_265' title='bbox 818 2480 883 2512; x_wconf 88' lang='lat' dir='ltr'><strong>Sed</strong></span> <span class='ocrx_word' id='word_1_266' title='bbox 910 2480 1043 2512; x_wconf 79' lang='lat' dir='ltr'><strong>‘l&#39;acitus</strong></span> <span class='ocrx_word' id='word_1_267' title='bbox 1075 2490 1131 2512; x_wconf 89' lang='lat' dir='ltr'><strong>au·</strong></span> <span class='ocrx_word' id='word_1_268' title='bbox 1165 2479 1296 2522; x_wconf 62' lang='lat' dir='ltr'><strong>aaziae]</strong></span> <span class='ocrx_word' id='word_1_269' title='bbox 1336 2479 1418 2512; x_wconf 83' lang='lat' dir='ltr'><strong>haec</strong></span> <span class='ocrx_word' id='word_1_270' title='bbox 1452 2479 1574 2512; x_wconf 82' lang='lat' dir='ltr'><strong>vexilla</strong></span> <span class='ocrx_word' id='word_1_271' title='bbox 1606 2483 1683 2511; x_wconf 73' lang='lat' dir='ltr'><strong>sunt</strong></span> <span class='ocrx_word' id='word_1_272' title='bbox 1716 2480 1895 2511; x_wconf 64' lang='lat' dir='ltr'><strong>electorum</strong></span> <span class='ocrx_word' id='word_1_273' title='bbox 1928 2486 1970 2509; x_wconf 77' lang='lat' dir='ltr'><strong>ex</strong></span> <span class='ocrx_word' id='word_1_274' title='bbox 2002 2476 2032 2517; x_wconf 88' lang='lat'><strong>1,</strong></span> 
     </span>
     <span class='ocr_line' id='line_1_28' title="bbox 265 2533 2031 2578; baseline -0.001 -10"><span class='ocrx_word' id='word_1_275' title='bbox 265 2538 414 2570; x_wconf 83' lang='lat' dir='ltr'><strong>diendus.</strong></span> <span class='ocrx_word' id='word_1_276' title='bbox 451 2538 538 2569; x_wconf 66' lang='lat' dir='ltr'><strong>Ean.</strong></span> <span class='ocrx_word' id='word_1_277' title='bbox 587 2538 767 2577; x_wconf 85' lang='lat' dir='ltr'><strong>Utrumque</strong></span> <span class='ocrx_word' id='word_1_278' title='bbox 791 2538 838 2570; x_wconf 85' lang='lat' dir='ltr'><strong>sic</strong></span> <span class='ocrx_word' id='word_1_279' title='bbox 862 2538 1072 2578; x_wconf 82' lang='lat' dir='ltr'><strong>conciliabis,</strong></span> <span class='ocrx_word' id='word_1_280' title='bbox 1097 2541 1132 2568; x_wconf 90' lang='lat' dir='ltr'><strong>ut</strong></span> <span class='ocrx_word' id='word_1_281' title='bbox 1165 2538 1238 2576; x_wconf 81' lang='lat' dir='ltr'><strong>XV,</strong></span> <span class='ocrx_word' id='word_1_282' title='bbox 1264 2537 1343 2569; x_wconf 80' lang='lat' dir='ltr'><strong>xvl</strong></span> <span class='ocrx_word' id='word_1_283' title='bbox 1365 2537 1531 2569; x_wconf 71' lang='lat' dir='ltr'><strong>inferioris</strong></span> <span class='ocrx_word' id='word_1_284' title='bbox 1554 2536 1716 2569; x_wconf 77' lang='lat' dir='ltr'><strong>exercitus</strong></span> <span class='ocrx_word' id='word_1_285' title='bbox 1739 2534 1946 2573; x_wconf 63' lang='lat' dir='ltr'><strong>Germanici,</strong></span> <span class='ocrx_word' id='word_1_286' title='bbox 1982 2533 2031 2566; x_wconf 80' lang='lat' dir='ltr'><strong>IV</strong></span> 
     </span>
     <span class='ocr_line' id='line_1_29' title="bbox 265 2591 2033 2635; baseline -0.002 -9"><span class='ocrx_word' id='word_1_287' title='bbox 265 2595 439 2626; x_wconf 76' lang='lat' dir='ltr'><strong>Suetonius</strong></span> <span class='ocrx_word' id='word_1_288' title='bbox 472 2596 622 2635; x_wconf 82' lang='lat' dir='ltr'><strong>loquatur</strong></span> <span class='ocrx_word' id='word_1_289' title='bbox 654 2596 693 2627; x_wconf 91' lang='lat' dir='ltr'><strong>de</strong></span> <span class='ocrx_word' id='word_1_290' title='bbox 718 2598 786 2627; x_wconf 82' lang='lat' dir='ltr'><strong>toto</strong></span> <span class='ocrx_word' id='word_1_291' title='bbox 821 2595 969 2635; x_wconf 78' lang='lat' dir='ltr'><strong>agmine,</strong></span> <span class='ocrx_word' id='word_1_292' title='bbox 1003 2595 1132 2635; x_wconf 83' lang='lat' dir='ltr'><strong>qualem</strong></span> <span class='ocrx_word' id='word_1_293' title='bbox 1168 2605 1208 2627; x_wconf 82' lang='lat' dir='ltr'><strong>ex</strong></span> <span class='ocrx_word' id='word_1_294' title='bbox 1243 2595 1410 2635; x_wconf 82' lang='lat' dir='ltr'><strong>superiore</strong></span> <span class='ocrx_word' id='word_1_295' title='bbox 1447 2593 1643 2627; x_wconf 75' lang='lat' dir='ltr'><strong>Germania:</strong></span> <span class='ocrx_word' id='word_1_296' title='bbox 1683 2602 1758 2625; x_wconf 85' lang='lat' dir='ltr'><strong>nam</strong></span> <span class='ocrx_word' id='word_1_297' title='bbox 1793 2602 1853 2625; x_wconf 89' lang='lat' dir='ltr'><strong>eae</strong></span> <span class='ocrx_word' id='word_1_298' title='bbox 1884 2591 2033 2633; x_wconf 70' lang='lat' dir='ltr'><strong>logione·</strong></span> 
     </span>
     <span class='ocr_line' id='line_1_30' title="bbox 265 2648 2033 2694; baseline -0.002 -11"><span class='ocrx_word' id='word_1_299' title='bbox 265 2653 454 2693; x_wconf 73' lang='lat' dir='ltr'><strong>adspectum</strong></span> <span class='ocrx_word' id='word_1_300' title='bbox 488 2652 675 2693; x_wconf 73' lang='lat' dir='ltr'><strong>praebuerit</strong></span> <span class='ocrx_word' id='word_1_301' title='bbox 700 2663 803 2693; x_wconf 85' lang='lat' dir='ltr'><strong>usque</strong></span> <span class='ocrx_word' id='word_1_302' title='bbox 827 2653 868 2684; x_wconf 85' lang='lat' dir='ltr'><strong>ad</strong></span> <span class='ocrx_word' id='word_1_303' title='bbox 893 2657 1025 2694; x_wconf 86' lang='lat' dir='ltr'><strong>pontem</strong></span> <span class='ocrx_word' id='word_1_304' title='bbox 1050 2653 1131 2684; x_wconf 72' lang='lat' dir='ltr'><strong>uui-</strong></span> <span class='ocrx_word' id='word_1_305' title='bbox 1169 2662 1233 2684; x_wconf 90' lang='lat' dir='ltr'><strong>non</strong></span> <span class='ocrx_word' id='word_1_306' title='bbox 1267 2661 1341 2684; x_wconf 86' lang='lat' dir='ltr'><strong>eum</strong></span> <span class='ocrx_word' id='word_1_307' title='bbox 1373 2651 1493 2691; x_wconf 80' lang='lat' dir='ltr'><strong>aquilis</strong></span> <span class='ocrx_word' id='word_1_308' title='bbox 1527 2651 1596 2684; x_wconf 78' lang='lat' dir='ltr'><strong>suis</strong></span> <span class='ocrx_word' id='word_1_309' title='bbox 1627 2651 1670 2682; x_wconf 87' lang='lat' dir='ltr'><strong>ad</strong></span> <span class='ocrx_word' id='word_1_310' title='bbox 1704 2649 1830 2683; x_wconf 81' lang='lat' dir='ltr'><strong>bellum</strong></span> <span class='ocrx_word' id='word_1_311' title='bbox 1865 2648 2033 2690; x_wconf 57' lang='lat' dir='ltr'><strong>protea-tu</strong></span> 
     </span>
     <span class='ocr_line' id='line_1_31' title="bbox 268 2704 2031 2750; baseline -0.001 -11"><span class='ocrx_word' id='word_1_312' title='bbox 268 2709 366 2740; x_wconf 83' lang='lat' dir='ltr'><strong>vium.</strong></span> <span class='ocrx_word' id='word_1_313' title='bbox 417 2710 513 2749; x_wconf 79' lang='lat' dir='ltr'><strong>„Huc</strong></span> <span class='ocrx_word' id='word_1_314' title='bbox 546 2710 623 2741; x_wconf 82' lang='lat' dir='ltr'><strong>facit</strong></span> <span class='ocrx_word' id='word_1_315' title='bbox 656 2720 807 2742; x_wconf 85' lang='lat' dir='ltr'><strong>nummus</strong></span> <span class='ocrx_word' id='word_1_316' title='bbox 832 2710 974 2749; x_wconf 86' lang='lat' dir='ltr'><strong>Vitellii,</strong></span> <span class='ocrx_word' id='word_1_317' title='bbox 1008 2710 1041 2741; x_wconf 91' lang='lat' dir='ltr'><strong>in</strong></span> <span class='ocrx_word' id='word_1_318' title='bbox 1066 2719 1131 2750; x_wconf 87' lang='lat' dir='ltr'><strong>quo</strong></span> <span class='ocrx_word' id='word_1_319' title='bbox 1166 2714 1269 2748; x_wconf 79' lang='lat' dir='ltr'><strong>eraut,</strong></span> <span class='ocrx_word' id='word_1_320' title='bbox 1294 2709 1353 2741; x_wconf 81' lang='lat' dir='ltr'><strong>sed</strong></span> <span class='ocrx_word' id='word_1_321' title='bbox 1376 2718 1442 2740; x_wconf 88' lang='lat' dir='ltr'><strong>non</strong></span> <span class='ocrx_word' id='word_1_322' title='bbox 1467 2708 1529 2741; x_wconf 82' lang='lat' dir='ltr'><strong>nisi</strong></span> <span class='ocrx_word' id='word_1_323' title='bbox 1554 2709 1675 2740; x_wconf 80' lang='lat' dir='ltr'><strong>electos</strong></span> <span class='ocrx_word' id='word_1_324' title='bbox 1697 2708 1768 2740; x_wconf 76' lang='lat' dir='ltr'><strong>sive</strong></span> <span class='ocrx_word' id='word_1_325' title='bbox 1790 2705 1911 2738; x_wconf 74' lang='lat' dir='ltr'><strong>vexma</strong></span> <span class='ocrx_word' id='word_1_326' title='bbox 1934 2704 2031 2738; x_wconf 75' lang='lat' dir='ltr'><strong>dede-</strong></span> 
     </span>
     <span class='ocr_line' id='line_1_32' title="bbox 264 2766 1420 2808; baseline 0 -12"><span class='ocrx_word' id='word_1_327' title='bbox 264 2771 389 2805; x_wconf 69' lang='lat' dir='ltr'><strong>loqutus</strong></span> <span class='ocrx_word' id='word_1_328' title='bbox 422 2776 442 2798; x_wconf 92' lang='lat' dir='ltr'><strong>a</strong></span> <span class='ocrx_word' id='word_1_329' title='bbox 466 2768 570 2799; x_wconf 82' lang='lat' dir='ltr'><strong>Roma</strong></span> <span class='ocrx_word' id='word_1_330' title='bbox 601 2768 730 2807; x_wconf 75' lang='lat' dir='ltr'><strong>galeata</strong></span> <span class='ocrx_word' id='word_1_331' title='bbox 753 2768 932 2807; x_wconf 83' lang='lat' dir='ltr'><strong>excipitur,</strong></span> <span class='ocrx_word' id='word_1_332' title='bbox 966 2767 1132 2808; x_wconf 85' lang='lat' dir='ltr'><strong>adscripto</strong></span> <span class='ocrx_word' id='word_1_333' title='bbox 1166 2769 1250 2798; x_wconf 83' lang='lat' dir='ltr'><strong>rant.</strong></span> <span class='ocrx_word' id='word_1_334' title='bbox 1277 2766 1420 2797; x_wconf 67' lang='lat' dir='ltr'><strong>Binan.</strong></span> 
     </span>
    </p>

    <p class='ocr_par' dir='ltr' id='par_1_5' title="bbox 265 2820 2032 3262">
     <span class='ocr_line' id='line_1_33' title="bbox 266 2820 2032 2865; baseline -0.001 -12"><span class='ocrx_word' id='word_1_335' title='bbox 266 2825 329 2853; x_wconf 75' lang='lat' dir='ltr'><strong>AI)</strong></span> <span class='ocrx_word' id='word_1_336' title='bbox 340 2823 528 2855; x_wconf 76' lang='lat' dir='ltr'><strong><em>VENTVS.</em></strong></span> <span class='ocrx_word' id='word_1_337' title='bbox 565 2826 590 2855; x_wconf 80' lang='grc' dir='ltr'><em>Α</em></span> <span class='ocrx_word' id='word_1_338' title='bbox 604 2826 659 2856; x_wconf 82' lang='lat' dir='ltr'><strong>VO</strong></span> <span class='ocrx_word' id='word_1_339' title='bbox 669 2824 778 2855; x_wconf 78' lang='lat' dir='ltr'><em>VSTI.</em></span> <span class='ocrx_word' id='word_1_340' title='bbox 825 2824 972 2856; x_wconf 84' lang='lat' dir='ltr'><strong>Eandem</strong></span> <span class='ocrx_word' id='word_1_341' title='bbox 1004 2825 1131 2865; x_wconf 76' lang='lat' dir='ltr'><strong>epigra-</strong></span> <span class='ocrx_word' id='word_1_342' title='bbox 1212 2824 1267 2856; x_wconf 75' lang='lat'><strong>90.</strong></span> <span class='ocrx_word' id='word_1_343' title='bbox 1313 2822 1457 2863; x_wconf 64' lang='lat' dir='ltr'><strong>alter-im]</strong></span> <span class='ocrx_word' id='word_1_344' title='bbox 1493 2823 1597 2862; x_wconf 85' lang='lat' dir='ltr'><strong>alius,</strong></span> <span class='ocrx_word' id='word_1_345' title='bbox 1630 2821 1774 2861; x_wconf 83' lang='lat' dir='ltr'><strong>alienae,</strong></span> <span class='ocrx_word' id='word_1_346' title='bbox 1806 2830 1891 2861; x_wconf 77' lang='lat' dir='ltr'><strong>quae</strong></span> <span class='ocrx_word' id='word_1_347' title='bbox 1924 2820 2032 2862; x_wconf 79' lang='lat' dir='ltr'><strong>ipsum</strong></span> 
     </span>
     <span class='ocr_line' id='line_1_34' title="bbox 265 2877 2030 2922; baseline -0.002 -10"><span class='ocrx_word' id='word_1_348' title='bbox 265 2882 350 2920; x_wconf 85' lang='lat' dir='ltr'><strong>phen</strong></span> <span class='ocrx_word' id='word_1_349' title='bbox 375 2882 459 2913; x_wconf 75' lang='lat' dir='ltr'><strong>alius</strong></span> <span class='ocrx_word' id='word_1_350' title='bbox 482 2882 589 2921; x_wconf 85' lang='lat' dir='ltr'><strong>habet,</strong></span> <span class='ocrx_word' id='word_1_351' title='bbox 614 2882 669 2922; x_wconf 85' lang='lat' dir='ltr'><strong>qui</strong></span> <span class='ocrx_word' id='word_1_352' title='bbox 689 2881 881 2922; x_wconf 62' lang='lat' dir='ltr'><strong>paludatum</strong></span> <span class='ocrx_word' id='word_1_353' title='bbox 900 2882 1130 2922; x_wconf 79' lang='lat' dir='ltr'><strong>imperatorem</strong></span> <span class='ocrx_word' id='word_1_354' title='bbox 1166 2881 1309 2913; x_wconf 86' lang='lat' dir='ltr'><strong>nondum</strong></span> <span class='ocrx_word' id='word_1_355' title='bbox 1333 2884 1453 2912; x_wconf 64' lang='lat' dir='ltr'><strong>nosset</strong></span> <span class='ocrx_word' id='word_1_356' title='bbox 1490 2878 1544 2911; x_wconf 82' lang='lat' dir='ltr'><strong>Sic</strong></span> <span class='ocrx_word' id='word_1_357' title='bbox 1567 2881 1600 2920; x_wconf 77' lang='grc'><strong>8,</strong></span> <span class='ocrx_word' id='word_1_358' title='bbox 1620 2882 1659 2912; x_wconf 85' lang='lat'><strong>1:</strong></span> <span class='ocrx_word' id='word_1_359' title='bbox 1683 2878 1818 2910; x_wconf 63' lang='lat' dir='ltr'><strong>aua-fia·</strong></span> <span class='ocrx_word' id='word_1_360' title='bbox 1832 2877 1915 2910; x_wconf 71' lang='lat' dir='ltr'><strong>boui.</strong></span> <span class='ocrx_word' id='word_1_361' title='bbox 1948 2879 2030 2919; x_wconf 62' lang='lat' dir='ltr'><strong>Agr.</strong></span> 
     </span>
     <span class='ocr_line' id='line_1_35' title="bbox 266 2935 2031 2977; baseline -0.001 -9"><span class='ocrx_word' id='word_1_362' title='bbox 266 2942 298 2968; x_wconf 84' lang='lat' dir='ltr'><strong>et</strong></span> <span class='ocrx_word' id='word_1_363' title='bbox 322 2948 405 2977; x_wconf 83' lang='lat' dir='ltr'><strong>equo</strong></span> <span class='ocrx_word' id='word_1_364' title='bbox 432 2943 559 2970; x_wconf 82' lang='lat' dir='ltr'><strong>vectum</strong></span> <span class='ocrx_word' id='word_1_365' title='bbox 594 2940 691 2971; x_wconf 73' lang='lat' dir='ltr'><strong>sistit.</strong></span> <span class='ocrx_word' id='word_1_366' title='bbox 740 2939 779 2970; x_wconf 87' lang='lat' dir='ltr'><strong>V.</strong></span> <span class='ocrx_word' id='word_1_367' title='bbox 806 2938 919 2971; x_wconf 82' lang='lat' dir='ltr'><strong>Oiselii</strong></span> <span class='ocrx_word' id='word_1_368' title='bbox 945 2939 1043 2970; x_wconf 81' lang='lat' dir='ltr'><strong>Thes.</strong></span> <span class='ocrx_word' id='word_1_369' title='bbox 1069 2938 1128 2970; x_wconf 86' lang='lat' dir='ltr'><strong>sel.</strong></span> <span class='ocrx_word' id='word_1_370' title='bbox 1168 2940 1228 2971; x_wconf 74' lang='lat'><strong>17:</strong></span> <span class='ocrx_word' id='word_1_371' title='bbox 1252 2937 1384 2969; x_wconf 68' lang='lat' dir='ltr'><strong>alterius</strong></span> <span class='ocrx_word' id='word_1_372' title='bbox 1408 2936 1607 2969; x_wconf 69' lang='lat' dir='ltr'><strong>meeeuoru&#39;n.</strong></span> <span class='ocrx_word' id='word_1_373' title='bbox 1643 2936 1685 2967; x_wconf 76' lang='lat' dir='ltr'><strong>es.</strong></span> <span class='ocrx_word' id='word_1_374' title='bbox 1711 2935 1821 2967; x_wconf 65' lang='lat' dir='ltr'><strong>seo-keu·</strong></span> <span class='ocrx_word' id='word_1_375' title='bbox 1844 2935 1922 2968; x_wconf 81' lang='lat' dir='ltr'><strong>Tae.</strong></span> <span class='ocrx_word' id='word_1_376' title='bbox 1949 2935 2031 2967; x_wconf 71' lang='lat' dir='ltr'><strong>For·</strong></span> 
     </span>
     <span class='ocr_line' id='line_1_36' title="bbox 267 2990 2031 3037; baseline -0.001 -12"><span class='ocrx_word' id='word_1_377' title='bbox 267 2996 337 3025; x_wconf 80' lang='lat' dir='ltr'><strong>NN.</strong></span> <span class='ocrx_word' id='word_1_378' title='bbox 364 2995 444 3026; x_wconf 86' lang='lat' dir='ltr'><strong>Tab.</strong></span> <span class='ocrx_word' id='word_1_379' title='bbox 471 2998 524 3029; x_wconf 73' lang='lat'><strong>80.</strong></span> <span class='ocrx_word' id='word_1_380' title='bbox 563 2994 694 3027; x_wconf 71' lang='lat' dir='ltr'><strong>Ouaun-</strong></span> <span class='ocrx_word' id='word_1_381' title='bbox 742 2996 838 3027; x_wconf 78' lang='lat' dir='ltr'><strong>iuvat</strong></span> <span class='ocrx_word' id='word_1_382' title='bbox 861 2996 913 3027; x_wconf 85' lang='lat' dir='ltr'><strong>hic</strong></span> <span class='ocrx_word' id='word_1_383' title='bbox 937 2996 1131 3037; x_wconf 81' lang='lat' dir='ltr'><strong>praecipuas</strong></span> <span class='ocrx_word' id='word_1_384' title='bbox 1165 2995 1331 3028; x_wconf 84' lang='lat' dir='ltr'><strong>menlehre</strong></span> <span class='ocrx_word' id='word_1_385' title='bbox 1355 3004 1387 3035; x_wconf 87' lang='lat' dir='ltr'><strong>p.</strong></span> <span class='ocrx_word' id='word_1_386' title='bbox 1406 2996 1461 3028; x_wconf 71' lang='lat'><strong>4⁶.</strong></span> <span class='ocrx_word' id='word_1_387' title='bbox 1489 3011 1532 3017; x_wconf 94' lang='lat'><strong>—</strong></span> <span class='ocrx_word' id='word_1_388' title='bbox 1558 2990 1753 3037; x_wconf 57' lang='lat' dir='ltr'><strong>mnsam]</strong></span> <span class='ocrx_word' id='word_1_389' title='bbox 1778 2992 1843 3032; x_wconf 82' lang='lat' dir='ltr'><strong>„ab</strong></span> <span class='ocrx_word' id='word_1_390' title='bbox 1866 3001 1906 3025; x_wconf 84' lang='lat' dir='ltr'><strong>eo</strong></span> <span class='ocrx_word' id='word_1_391' title='bbox 1929 2991 2031 3033; x_wconf 80' lang='lat' dir='ltr'><strong>impe-</strong></span> 
     </span>
     <span class='ocr_line' id='line_1_37' title="bbox 267 3050 2031 3093; baseline 0 -12"><span class='ocrx_word' id='word_1_392' title='bbox 267 3052 297 3081; x_wconf 86' lang='lat' dir='ltr'><strong>in</strong></span> <span class='ocrx_word' id='word_1_393' title='bbox 323 3052 392 3082; x_wconf 76' lang='lat' dir='ltr'><strong>eius</strong></span> <span class='ocrx_word' id='word_1_394' title='bbox 416 3053 555 3085; x_wconf 80' lang='lat' dir='ltr'><strong>nummis</strong></span> <span class='ocrx_word' id='word_1_395' title='bbox 579 3054 782 3086; x_wconf 78' lang='lat' dir='ltr'><strong>adulationes</strong></span> <span class='ocrx_word' id='word_1_396' title='bbox 814 3053 987 3085; x_wconf 78' lang='lat' dir='ltr'><strong>exhibere:</strong></span> <span class='ocrx_word' id='word_1_397' title='bbox 1029 3051 1131 3084; x_wconf 74' lang='lat' dir='ltr'><em>CLE-</em></span> <span class='ocrx_word' id='word_1_398' title='bbox 1165 3055 1308 3090; x_wconf 78' lang='lat' dir='ltr'><strong>travere,</strong></span> <span class='ocrx_word' id='word_1_399' title='bbox 1331 3051 1382 3093; x_wconf 86' lang='lat' dir='ltr'><strong>(ut</strong></span> <span class='ocrx_word' id='word_1_400' title='bbox 1397 3051 1489 3082; x_wconf 78' lang='lat' dir='ltr'><strong>vides</strong></span> <span class='ocrx_word' id='word_1_401' title='bbox 1513 3050 1546 3082; x_wconf 88' lang='lat' dir='ltr'><strong>in</strong></span> <span class='ocrx_word' id='word_1_402' title='bbox 1567 3050 1731 3091; x_wconf 75' lang='lat' dir='ltr'><strong>nummis).</strong></span> <span class='ocrx_word' id='word_1_403' title='bbox 1780 3050 1823 3082; x_wconf 80' lang='lat' dir='ltr'><strong>Et</strong></span> <span class='ocrx_word' id='word_1_404' title='bbox 1847 3052 2031 3083; x_wconf 60' lang='lat' dir='ltr'><strong>munaum</strong></span> 
     </span>
     <span class='ocr_line' id='line_1_38' title="bbox 270 3106 2030 3149; baseline 0.001 -12"><span class='ocrx_word' id='word_1_405' title='bbox 270 3109 446 3139; x_wconf 69' lang='grc' dir='ltr'><em>ΜΗΛἽἸΑ</em></span> <span class='ocrx_word' id='word_1_406' title='bbox 474 3109 562 3141; x_wconf 75' lang='grc' dir='ltr'><em>[ΜΡ.</em></span> <span class='ocrx_word' id='word_1_407' title='bbox 590 3110 867 3148; x_wconf 73' lang='grc' dir='ltr'><em>(ΙΕΒΙΙΛΝΙΟΙ.,</em></span> <span class='ocrx_word' id='word_1_408' title='bbox 891 3109 1130 3141; x_wconf 77' lang='lat' dir='ltr'><em>LIBERTAS.</em></span> <span class='ocrx_word' id='word_1_409' title='bbox 1165 3113 1198 3142; x_wconf 77' lang='lat' dir='ltr'><strong>et</strong></span> <span class='ocrx_word' id='word_1_410' title='bbox 1212 3112 1381 3149; x_wconf 82' lang='lat' dir='ltr'><strong>acceptum</strong></span> <span class='ocrx_word' id='word_1_411' title='bbox 1405 3116 1525 3139; x_wconf 88' lang='lat' dir='ltr'><strong>nomen</strong></span> <span class='ocrx_word' id='word_1_412' title='bbox 1549 3115 1653 3146; x_wconf 81' lang='lat' dir='ltr'><strong>aeque</strong></span> <span class='ocrx_word' id='word_1_413' title='bbox 1678 3108 1799 3139; x_wconf 79' lang='lat' dir='ltr'><strong>frustra</strong></span> <span class='ocrx_word' id='word_1_414' title='bbox 1821 3108 1882 3139; x_wconf 76' lang='lat' dir='ltr'><strong>fuit</strong></span> <span class='ocrx_word' id='word_1_415' title='bbox 1904 3110 1939 3140; x_wconf 75' lang='lat' dir='ltr'><strong>et</strong></span> <span class='ocrx_word' id='word_1_416' title='bbox 1958 3106 2030 3139; x_wconf 78' lang='lat' dir='ltr'><strong>eine</strong></span> 
     </span>
     <span class='ocr_line' id='line_1_39' title="bbox 269 3161 2032 3208; baseline 0.002 -15"><span class='ocrx_word' id='word_1_417' title='bbox 269 3165 557 3203; x_wconf 63' lang='lat' dir='ltr'><em>IthSTITVTA..</em></span> <span class='ocrx_word' id='word_1_418' title='bbox 599 3166 860 3198; x_wconf 75' lang='lat' dir='ltr'><em>SECVRITAS.</em></span> <span class='ocrx_word' id='word_1_419' title='bbox 898 3167 989 3198; x_wconf 70' lang='lat'><em>111².</em></span> <span class='ocrx_word' id='word_1_420' title='bbox 1024 3166 1131 3198; x_wconf 77' lang='lat' dir='ltr'><em>GER-</em></span> <span class='ocrx_word' id='word_1_421' title='bbox 1165 3169 1285 3199; x_wconf 78' lang='lat' dir='ltr'><strong>eventu</strong></span> <span class='ocrx_word' id='word_1_422' title='bbox 1300 3164 1403 3197; x_wconf 85' lang='lat' dir='ltr'><strong>ullo.“</strong></span> <span class='ocrx_word' id='word_1_423' title='bbox 1428 3165 1610 3196; x_wconf 72' lang='lat' dir='ltr'><strong>nusum.</strong></span> <span class='ocrx_word' id='word_1_424' title='bbox 1631 3182 1671 3188; x_wconf 89' lang='lat'><strong>—-</strong></span> <span class='ocrx_word' id='word_1_425' title='bbox 1696 3161 1912 3208; x_wconf 69' lang='lat' dir='ltr'><strong>nemnem]</strong></span> <span class='ocrx_word' id='word_1_426' title='bbox 1929 3164 2032 3196; x_wconf 72' lang='lat' dir='ltr'><strong>distu-</strong></span> 
     </span>
     <span class='ocr_line' id='line_1_40' title="bbox 269 3222 1384 3262; baseline 0.002 -12"><span class='ocrx_word' id='word_1_427' title='bbox 269 3222 392 3257; x_wconf 56' lang='lat' dir='ltr'><strong>MAN,</strong></span> <span class='ocrx_word' id='word_1_428' title='bbox 419 3222 516 3253; x_wconf 71' lang='lat' dir='ltr'><strong>PAX.</strong></span> <span class='ocrx_word' id='word_1_429' title='bbox 534 3226 559 3253; x_wconf 78' lang='grc' dir='ltr'><em>Α</em></span> <span class='ocrx_word' id='word_1_430' title='bbox 574 3224 761 3262; x_wconf 67' lang='lat' dir='ltr'><strong>ro&#39;VSTL,</strong></span> <span class='ocrx_word' id='word_1_431' title='bbox 786 3224 884 3262; x_wconf 59' lang='lat' dir='ltr'><strong>,il-:Q</strong></span> <span class='ocrx_word' id='word_1_432' title='bbox 894 3223 1033 3255; x_wconf 66' lang='lat' dir='ltr'><strong>VITA-8¹.</strong></span> <span class='ocrx_word' id='word_1_433' title='bbox 1053 3223 1131 3255; x_wconf 75' lang='lat' dir='ltr'><strong>AV·</strong></span> <span class='ocrx_word' id='word_1_434' title='bbox 1166 3224 1256 3256; x_wconf 61' lang='lat' dir='ltr'><strong>lent.</strong></span> <span class='ocrx_word' id='word_1_435' title='bbox 1282 3231 1312 3257; x_wconf 84' lang='lat' dir='ltr'><strong>e.</strong></span> <span class='ocrx_word' id='word_1_436' title='bbox 1330 3222 1384 3254; x_wconf 70' lang='lat'><strong>⁸8.</strong></span> 
     </span>
    </p>

    <p class='ocr_par' dir='ltr' id='par_1_6' title="bbox 268 3276 2063 3437">
     <span class='ocr_line' id='line_1_41' title="bbox 269 3276 2030 3323; baseline 0.001 -15"><span class='ocrx_word' id='word_1_437' title='bbox 269 3277 428 3314; x_wconf 65' lang='lat' dir='ltr'><strong>orsu.</strong></span> <span class='ocrx_word' id='word_1_438' title='bbox 461 3279 881 3319; x_wconf 71' lang='lat' dir='ltr'><strong>1&#39;RBS.REST1TVTA.,</strong></span> <span class='ocrx_word' id='word_1_439' title='bbox 906 3282 1041 3313; x_wconf 73' lang='lat' dir='ltr'><em>ROMA.</em></span> <span class='ocrx_word' id='word_1_440' title='bbox 1059 3281 1131 3312; x_wconf 71' lang='grc' dir='ltr'><strong>ΒΕ·</strong></span> <span class='ocrx_word' id='word_1_441' title='bbox 1211 3280 1266 3312; x_wconf 72' lang='lat'><strong>01.</strong></span> <span class='ocrx_word' id='word_1_442' title='bbox 1314 3279 1456 3320; x_wconf 66' lang='lat' dir='ltr'><strong>insum</strong></span> <span class='ocrx_word' id='word_1_443' title='bbox 1487 3276 1551 3323; x_wconf 71' lang='lat' dir='ltr'><strong>die]</strong></span> <span class='ocrx_word' id='word_1_444' title='bbox 1584 3278 1626 3310; x_wconf 76' lang='lat' dir='ltr'><strong>cf.</strong></span> <span class='ocrx_word' id='word_1_445' title='bbox 1651 3278 1724 3310; x_wconf 71' lang='lat' dir='ltr'><strong>Liv.</strong></span> <span class='ocrx_word' id='word_1_446' title='bbox 1750 3279 1782 3317; x_wconf 76' lang='grc'><strong>8,</strong></span> <span class='ocrx_word' id='word_1_447' title='bbox 1810 3280 1839 3318; x_wconf 84' lang='lat'><strong>1,</strong></span> <span class='ocrx_word' id='word_1_448' title='bbox 1867 3280 1906 3311; x_wconf 82' lang='lat' dir='ltr'>n</span> <span class='ocrx_word' id='word_1_449' title='bbox 1932 3277 2030 3310; x_wconf 57' lang='lat' dir='ltr'><strong>“ae-</strong></span> 
     </span>
     <span class='ocr_line' id='line_1_42' title="bbox 269 3332 2063 3379; baseline 0.002 -13"><span class='ocrx_word' id='word_1_450' title='bbox 269 3334 487 3366; x_wconf 65' lang='lat' dir='ltr'><strong>NAswnvs.</strong></span> <span class='ocrx_word' id='word_1_451' title='bbox 532 3337 571 3367; x_wconf 72' lang='lat' dir='ltr'><strong>cs.</strong></span> <span class='ocrx_word' id='word_1_452' title='bbox 599 3338 762 3369; x_wconf 65' lang='lat' dir='ltr'><strong>Akerman</strong></span> <span class='ocrx_word' id='word_1_453' title='bbox 789 3339 812 3369; x_wconf 91' lang='lat'><strong>1.</strong></span> <span class='ocrx_word' id='word_1_454' title='bbox 838 3349 869 3379; x_wconf 77' lang='lat' dir='ltr'><strong>p.</strong></span> <span class='ocrx_word' id='word_1_455' title='bbox 890 3340 952 3371; x_wconf 69' lang='grc' dir='ltr'><strong>ιη</strong></span> <span class='ocrx_word' id='word_1_456' title='bbox 970 3348 1058 3379; x_wconf 66' lang='lat' dir='ltr'><strong>seqq.</strong></span> <span class='ocrx_word' id='word_1_457' title='bbox 1085 3355 1129 3362; x_wconf 93' lang='lat'>—</span> <span class='ocrx_word' id='word_1_458' title='bbox 1164 3346 1225 3378; x_wconf 72' lang='lat' dir='ltr'><strong>qu</strong></span> <span class='ocrx_word' id='word_1_459' title='bbox 1247 3346 1279 3369; x_wconf 59' lang='lat' dir='ltr'><strong>a„</strong></span> <span class='ocrx_word' id='word_1_460' title='bbox 1304 3335 1337 3369; x_wconf 75' lang='lat' dir='ltr'><strong>a.</strong></span> <span class='ocrx_word' id='word_1_461' title='bbox 1364 3334 1428 3367; x_wconf 66' lang='grc' dir='ltr'><strong>ιν</strong></span> <span class='ocrx_word' id='word_1_462' title='bbox 1446 3335 1514 3367; x_wconf 70' lang='lat' dir='ltr'><strong>kat.</strong></span> <span class='ocrx_word' id='word_1_463' title='bbox 1539 3335 1673 3368; x_wconf 53' lang='lat' dir='ltr'><strong>Saxa-u·</strong></span> <span class='ocrx_word' id='word_1_464' title='bbox 1706 3334 1831 3376; x_wconf 59' lang='lat' dir='ltr'><strong>ampl-‘en‘</strong></span> <span class='ocrx_word' id='word_1_465' title='bbox 1859 3334 1951 3367; x_wconf 68' lang='lat' dir='ltr'><strong>aad·</strong></span> <span class='ocrx_word' id='word_1_466' title='bbox 1983 3333 2029 3371; x_wconf 72' lang='grc' dir='ltr'><strong>ἀι·</strong></span> <span class='ocrx_word' id='word_1_467' title='bbox 2059 3332 2063 3336; x_wconf 90' lang='grc'><strong>’</strong></span> 
     </span>
     <span class='ocr_line' id='line_1_43' title="bbox 268 3390 2030 3437; baseline 0.001 -15"><span class='ocrx_word' id='word_1_468' title='bbox 268 3397 415 3434; x_wconf 75' lang='lat' dir='ltr'><strong>qaauuvr</strong></span> <span class='ocrx_word' id='word_1_469' title='bbox 446 3392 611 3436; x_wconf 62' lang='lat' dir='ltr'><strong>levum-unu]</strong></span> <span class='ocrx_word' id='word_1_470' title='bbox 649 3394 709 3426; x_wconf 78' lang='lat' dir='ltr'><strong>hae</strong></span> <span class='ocrx_word' id='word_1_471' title='bbox 743 3395 887 3434; x_wconf 77' lang='lat' dir='ltr'><strong>legiones</strong></span> <span class='ocrx_word' id='word_1_472' title='bbox 912 3396 1002 3428; x_wconf 77' lang='lat' dir='ltr'><strong>suere</strong></span> <span class='ocrx_word' id='word_1_473' title='bbox 1028 3396 1041 3426; x_wconf 89' lang='lat'>1</span> <span class='ocrx_word' id='word_1_474' title='bbox 1068 3395 1129 3427; x_wconf 82' lang='lat' dir='ltr'><strong>ita·</strong></span> <span class='ocrx_word' id='word_1_475' title='bbox 1164 3394 1292 3436; x_wconf 65' lang='grc' dir='ltr'><strong>εἴρηαι,</strong></span> <span class='ocrx_word' id='word_1_476' title='bbox 1316 3404 1377 3435; x_wconf 70' lang='lat' dir='ltr'><strong>qao</strong></span> <span class='ocrx_word' id='word_1_477' title='bbox 1400 3393 1450 3425; x_wconf 59' lang='lat' dir='ltr'><strong>dit</strong></span> <span class='ocrx_word' id='word_1_478' title='bbox 1475 3392 1711 3426; x_wconf 53' lang='lat' dir='ltr'><strong>ades-ememu-</strong></span> <span class='ocrx_word' id='word_1_479' title='bbox 1730 3391 1827 3424; x_wconf 70' lang='lat' dir='ltr'><strong>Fabt&#39;u‘</strong></span> <span class='ocrx_word' id='word_1_480' title='bbox 1846 3390 1942 3432; x_wconf 63' lang='lat' dir='ltr'><strong>aad,</strong></span> <span class='ocrx_word' id='word_1_481' title='bbox 1965 3399 2030 3437; x_wconf 67' lang='lat' dir='ltr'><strong>qao</strong></span> 
     </span>
    </p>
   </div>
  </div>
 </body>
</html>
