2176 3672
951 172 1055 230 Cap.
1077 176 1118 216 2.
1897 183 1919 222 7

148 285 380 332 nominihus
409 285 588 343 proximi
616 283 787 334 Oceano
826 285 1112 342 Ingaevones,
1143 286 1269 329 medii
1297 286 1600 341 Herminones,
1637 291 1764 332 ceteri
1794 291 1923 335 Istae-

147 377 281 418 ωε
308 366 522 406 vocentur.
583 362 771 420 quidam,
802 366 849 405 ut
877 362 921 405 in
949 363 1117 406 licentia
1145 365 1387 418 vetustatis,
1419 365 1548 422 pluris
1579 366 1659 409 deo
1691 370 1804 410 ortos
1834 369 1924 425 plu-

129 441 295 499 risque
327 440 464 497 gentis
501 439 802 496 appellationes
815 471 827 493 ,
868 439 1031 483 Marsos
1074 440 1334 484 Gambrivios
1377 441 1539 485 Suebos
1575 442 1786 486 Vandilios
1816 445 1923 488 affir-

165 551 170 553 1
236 536 283 565 -1.
308 532 489 580 s‘nygoones
508 534 553 572 B,
582 532 762 575 inqevones
782 533 856 565 AC.
874 550 912 556 -
929 526 1154 571 ken-mistam:
1181 535 1226 573 Β,
1257 532 1443 566 hermiones
1466 536 1496 567 Δ
1511 536 1547 568 C.
1570 554 1608 559 —
1636 536 1798 568 iseevones
1826 539 1862 570 C.
1884 555 1923 562 —

147 587 179 618 8.
196 583 310 632 pluris
325 603 382 610 --
398 584 585 629 pluresque
605 587 685 624 AB,
711 584 831 628 plures
858 584 1043 628 pluresque
1070 587 1105 619 C.
1129 605 1166 610 —
1190 589 1219 618 3.
1239 585 1415 629 gabr-imos
1437 589 1482 628 A,
1508 587 1709 631 qanbriuios
1731 591 1774 629 C,
1801 589 1924 633 gabri-

146 636 224 690 {ios
242 658 282 689 B.
304 674 342 680 ——
363 666 483 688 suevos
503 658 610 688 ABG.
634 674 671 679 —
695 654 875 688 vaudalios
896 658 934 688 B.

147 730 300 776 Horres-r
314 731 502 765 Germania
512 735 632 771 mels.
645 751 683 757 —
696 730 888 774 Vandilios]
903 735 1014 774 mytho

147 782 205 814 mo
225 782 418 814 carminibus
441 783 576 813 vetustis
600 781 762 813 celebrato
777 791 842 812 non
857 782 1014 813 contineri

29 815 65 845 »θ’
83 847 86 850 -
147 831 186 863 ot
196 829 373 869 niquitas
389 831 512 869 partem
524 829 714 860 Germaniae
725 829 910 860 orientalem
921 832 1014 860 tenu-

146 877 215 908 hu
224 877 305 908 ntis
316 878 452 908 constat.
473 876 545 906 Hoc
556 885 620 906 uno
632 876 704 907 loco
715 876 845 907 Tacitus
855 877 924 907 eius
933 877 1013 907 Ger-

146 932 315 956 manorum
326 924 454 964 generis
474 924 669 954 mentionem
689 923 775 960 facit,
795 923 836 954 de
856 924 946 955 cuius
961 933 1013 955 se-

146 969 243 1003 dibi-
262 970 483 1003 disseruerunt
497 971 597 1001 Zenss
608 971 648 1001 D.
660 972 711 1007 57,
726 971 786 1001 443
801 979 871 1010 sqq.
894 971 1014 1003 Grimm

148 1014 243 1055 GBS.
256 1019 356 1058 p.4·15
369 1027 430 1058 sq.‚
443 1018 547 1049 Ukert
559 1018 598 1048 G.
612 1019 684 1055 422,
698 1017 900 1056 Hiillenhoff,
918 1013 1013 1048 Ver-s.

149 1059 364 1096 der-Rhoe.
377 1074 410 1104 p.
421 1066 481 1096 523
492 1073 563 1104 sqq.
585 1064 635 1095 De
646 1065 744 1095 variis
754 1065 892 1097 nominis
901 1064 1013 1095 formis

149 1110 191 1143 el.
211 1111 314 1143 Zeuss
333 1112 356 1142 l.
374 1112 408 1150 l.,
430 1111 470 1143 de
491 1112 561 1142 eius
584 1111 616 1141 vi
638 1113 807 1150 praeterea
821 1111 942 1142 Grimm
954 1112 976 1142 1.
990 1112 1012 1142 l.

148 1156 185 1189 si
194 1158 432 1198 radicmqm
443 1159 529 1189 inest
540 1159 575 1189 in
588 1159 688 1189 verbo
702 1155 849 1196 wenden,
862 1168 901 1189 ac
914 1168 1011 1190 voea-

149 1204 226 1239 bula
248 1203 357 1243 scendi,
373 1205 458 1243 finis,
469 1208 502 1236 et
520 1202 689 1235 wentilseo
698 1205 862 1244 respicias,
875 1205 1011 1243 dubites,

149 1253 253 1285 uirum
263 1251 403 1283 Vandilii
414 1252 479 1282 sint
488 1260 570 1292 gens
576 1248 765 1289 mobili-rma
776 1261 858 1292 gens
868 1253 1011 1292 regionis

149 1296 373 1338 disnimfine:
382 1302 506 1329 senens.
521 1315 560 1321 --
570 1301 718 1329 celerum
730 1296 936 1330 Germaniae
945 1301 1010 1340 cce]

147 1344 282 1384 120th
298 1345 373 1376 loeo
391 1345 537 1376 homines
558 1345 643 1376 docti
665 1345 787 1376 indocti
806 1346 898 1377 multi
911 1347 1012 1378 multa

147 1388 377 1434 mg
393 1400 458 1422 non
475 1393 578 1431 pauci,
591 1393 646 1424 alii
656 1393 720 1423 alic
734 1393 829 1424 modo
848 1394 1010 1434 corrigere

147 1443 220 1474 m
247 1438 453 1477 temptavere.
494 1439 614 1470 Eorum
644 1441 821 1472 sententias
850 1441 877 1471 si
906 1442 1009 1472 minus

146 1492 268 1523 mes,
289 1487 396 1517 tamen
415 1486 493 1517 satis
506 1487 623 1518 multas
637 1496 817 1527 cognoscas
833 1488 910 1519 licet
923 1489 1010 1528 apud

145 1530 271 1568 Uesti„
281 1529 440 1563 deutsche
454 1529 646 1576 Verfqesch.
663 1533 706 1571 1²,
713 1545 745 1574 p.
755 1537 795 1566 24
803 1545 884 1576 sqq.‚
893 1536 1009 1568 Curtze

145 1578 168 1616 1,
180 1578 203 1609 l.
216 1587 291 1620 pag.
306 1581 346 1610 5⁷
365 1589 414 1620 sq.
439 1581 532 1612 alios.
564 1582 636 1613 Hoc
657 1583 730 1613 loco
745 1592 801 1614 eas
823 1592 1010 1615 enumerare

144 1634 186 1661 ae
193 1634 365 1659 moensere
376 1628 509 1668 longum
516 1630 577 1660 est.
598 1630 686 1660 Dicit
693 1630 824 1661 Tacitus
834 1630 1010 1671 affirmare

145 1670 319 1715 quosdam,
329 1675 420 1706 initio
431 1677 505 1708 illos
519 1678 616 1715 solos,
631 1678 687 1718 qui
701 1686 760 1708 sua
767 1680 873 1709 aetate
883 1676 1011 1721 Tungri

137 1723 310 1760 ,voeeutim
336 1719 585 1754 Germanorum
605 1725 735 1755 nomine
749 1725 887 1766 insignis
901 1726 1010 1765 fuisse,

144 1767 215 1801 dvo
233 1777 352 1800 nomen
372 1770 436 1801 iam
457 1779 500 1801 ex
518 1772 653 1811 regione
675 1774 766 1802 trans
785 1773 933 1803 Rhenum
948 1775 1010 1805 sita

143 1815 320 1850 “tullerunt
339 1817 407 1848 sive
427 1820 621 1858 transgressi
640 1819 767 1850 demum
783 1820 903 1851 flumen
916 1830 1009 1852 acce-

143 1865 278 1903 peruut3
291 1872 367 1895 mox
377 1864 418 1895 ab
430 1865 483 1896 his
496 1866 587 1904 ipsis,
602 1867 656 1905 qui
670 1867 809 1898 victores
824 1868 858 1898 in
874 1868 1010 1900 Galliam

142 1910 344 1950 irrupissent,
355 1921 468 1943 omnes
478 1914 627 1945 nationes
636 1916 887 1947 transrhenanus
897 1917 1010 1947 eodem

107 1984 112 1995 ,
142 1953 274 1989 ιιόιιιίιιο
293 1967 366 1990 esse
380 1961 570 1999 appellatas,
591 1971 654 2001 quo
669 1964 763 1994 victis
778 1964 1011 2003 significarent,

142 2003 204 2034 has
229 2004 371 2036 eiusdem
397 2015 471 2037 esse
496 2008 604 2047 stirpis
626 2010 715 2039 cuius
741 2010 819 2049 ipsi,
848 2019 910 2040 nec
931 2019 1009 2042 saue

143 2049 309 2082 desituros
323 2052 399 2091 quin
419 2053 480 2083 sibi
493 2054 734 2092 auxiliarentur,
748 2056 802 2086 ubi
818 2065 898 2095 opus
914 2057 1008 2088 soret.

143 2095 194 2128 1¹·
206 2097 372 2136 paullatim
387 2100 525 2131 nationis
549 2100 621 2138 (der
634 2102 871 2141 Einzelnation)
892 2113 1010 2136 nomen

143 2143 179 2175 in
192 2143 361 2175 universae
382 2146 488 2185 gentis
509 2147 581 2183 (der
595 2148 882 2187 Gesammtnation)
898 2152 1009 2190 appel-

143 2190 296 2222 lationem
309 2192 484 2230 evaluisse,
504 2203 576 2225 eum
591 2204 631 2225 eo
645 2196 772 2227 nomine
781 2218 790 2233 ,
811 2206 875 2236 quo
890 2198 1009 2229 Trans-

142 2236 304 2269 rhenanas
314 2241 462 2270 nationes
473 2242 518 2272 illi
530 2243 684 2281 appellari
698 2245 913 2282 simulassent,
920 2245 1009 2284 ipsae

142 2292 271 2324 quoque
288 2293 325 2316 se
341 2291 504 2318 vocarent.
530 2288 623 2320 Hanc
640 2291 837 2330 quarundam
853 2293 1009 2323 narratio-

142 2339 217 2369 nem
236 2333 342 2365 utrum
357 2333 540 2372 probaverit
558 2335 595 2366 Τ.
613 2345 732 2375 necne,
750 2346 792 2368 ex
813 2338 881 2368 eius
902 2339 1009 2369 verbis

142 2377 296 2418 colligere
323 2387 390 2410 uon
410 2389 598 2420 possumus;
619 2385 732 2414 nostra
752 2386 857 2415 aetate
879 2394 900 2415 a
921 2386 1009 2416 nullo

142 2433 223 2456 sano
241 2424 371 2465 probari
391 2426 486 2458 facile
506 2429 764 2460 existimaverim.
786 2447 823 2452 —
845 2439 965 2462 recens
980 2437 1010 2462 et

141 2479 253 2512 nuper
275 2471 323 2512 m]
346 2470 476 2504 Recens
493 2474 688 2506 adiectivum
703 2486 775 2508 esse
796 2477 930 2508 videtur.
961 2479 1008 2510 Cf.

139 2516 286 2549 wamia
307 2515 392 2550 Phil.
413 2521 551 2557 XXVII,
574 2524 643 2553 140.
668 2540 705 2545 —-
720 2524 770 2554 De
787 2533 897 2565 nuper
911 2535 1008 2556 voca-

109 2574 111 2576 ’
141 2564 218 2595 bulo
231 2565 337 2603 Hand,
354 2563 495 2598 Tur-rell.
505 2569 560 2606 IV,
575 2579 606 2608 p.
615 2571 686 2601 345.
702 2587 740 2593 —
758 2569 909 2601 additum
923 2573 1008 2603 idem

141 2611 210 2644 fere
223 2615 274 2643 est
287 2613 373 2653 quod
388 2611 541 2645 inditum.
569 2616 618 2647 Cf.
631 2617 717 2648 Wex
741 2618 773 2648 in
788 2618 897 2649 libello
913 2620 1007 2649 scho-

141 2658 256 2690 lastico
271 2668 368 2699 supra
381 2660 510 2692 laudato
526 2672 559 2702 p.
577 2665 606 2700 5,
632 2664 685 2703 qui
707 2664 766 2694 hos
787 2665 882 2695 affert
901 2666 1007 2696 locos:

141 2705 224 2736 Pliu.
235 2705 359 2746 Paneg.
372 2709 427 2746 123
444 2709 536 2739 ovid.
548 2710 759 2750 Metamorph.
772 2713 801 2748 5,
811 2713 870 2742 525
880 2721 888 2747 ς
900 2714 928 2748 9,
937 2714 1008 2748 357,

140 2753 239 2792 Verg.
259 2753 342 2784 Aen.
363 2754 399 2791 1.‚
422 2756 492 2786 267.
517 2773 554 2778 -
579 2755 638 2797 qui
650 2756 758 2797 primi
772 2757 836 2797 cet]
852 2758 1009 2788 Videntur

140 2799 316 2838 significari
330 2800 478 2832 CaesarIs
492 2803 542 2838 (Β.
551 2804 590 2834 G.
599 2806 672 2841 2,4:
683 2808 712 2841 6,
723 2806 775 2842 32)
784 2802 899 2845 Sequi,
917 2802 1008 2834 con-

141 2842 255 2883 drusi,
268 2842 466 2884 Eburones,
484 2845 658 2886 caeroesi,
675 2847 847 2887 Paemani,
868 2850 926 2891 qui
940 2860 1007 2880 uno

141 2890 273 2923 nomine
307 2891 473 2925 Germani
503 2894 746 2937 appellandum
786 2897 845 2928 sed
880 2900 1010 2936 praeter

141 2941 283 2977 eeteros,
325 2941 379 2980 qui
418 2939 583 2972 Ger-mam·
618 2943 805 2974 dicebantur
818 2965 827 2980 ,
870 2944 1007 2983 populos

141 2981 321 3017 Eburones
354 2988 546 3019 eminebant.
595 2990 734 3020 Prorsus
770 2990 864 3020 aliter
896 2991 1007 3020 existi-

140 3034 207 3063 mat
224 3033 426 3072 Wormstall,
458 3032 612 3077 Tonqeru
640 3033 712 3066 und
732 3033 945 3074 Bastar-nen,
975 3046 1006 3075 p.

140 3081 198 3116 2⁷,
223 3080 274 3110 cui
299 3081 391 3119 primi
416 3081 461 3111 illi
486 3082 548 3112 Rh.
580 3082 775 3121 transgressi
807 3077 1005 3123 Vanyae'oraees,

142 3122 287 3164 Triboci,
314 3124 462 3158 Nemetes
491 3138 563 3159 esse
593 3128 750 3159 videntur.
778 3145 815 3150 —
847 3137 890 3158 ac
916 3138 1006 3158 nnuc

143 3170 284 3215 Tungri]
299 3183 344 3204 so.
351 3177 515 3205 vocentur.
545 3175 592 3205 Cf.
607 3175 736 3214 Driiger
750 3175 771 3204 l.
786 3174 807 3204 1.
824 3177 873 3205 88.
892 3174 1005 3211 „Quod

140 3219 270 3251 Tacitus
299 3229 356 3252 eos
383 3230 469 3253 nunc
497 3222 646 3262 Tungros
678 3222 786 3252 vocari
812 3221 898 3258 dicit,
925 3230 1003 3260 quos

139 3269 266 3307 ignorat
274 3267 404 3305 Caesar,
413 3268 446 3298 id
453 3269 528 3299 inde
540 3269 762 3308 explicandum
773 3268 907 3305 videtur,
919 3267 1003 3307 quod

1061 735 1163 774 ipsius
1175 737 1281 766 aetate
1302 735 1384 766 haec
1397 736 1596 774 potissimum
1609 739 1698 768 natio
1712 747 1753 768 ex
1764 738 1828 769 illis
1844 739 1922 770 Ger-

1061 783 1163 812 manis
1176 785 1254 812 nota
1269 784 1338 813 erat
1350 782 1514 820 Romanis,
1525 785 1642 823 quippe
1655 794 1695 815 ex
1707 788 1812 824 quant
1822 787 1923 816 maxi-

1061 838 1112 859 me
1120 829 1464 869 bellicosaplerumque
1474 831 1622 862 cohortes
1629 833 1823 863 asciscerent
1829 834 1924 871 (nist.

1063 878 1092 914 2,
1107 877 1164 913 283
1178 878 1209 914 4,
1222 878 1271 914 16,
1282 878 1333 914 66,
1346 879 1402 914 793
1413 877 1565 917 Agricola
1577 879 1640 915 56).
1656 879 1800 911 Caesaris
1813 883 1925 911 eontra

1060 924 1166 954 sente
1188 932 1230 954 ex
1248 923 1310 954 illis
1331 924 1484 963 imprimis
1496 921 1676 955 Eburones
1691 927 1860 958 emicuisse
1876 929 1923 959 vi-

1061 969 1177 1000 dentur
1201 970 1251 1008 (Β.
1269 971 1316 1001 G.
1342 973 1371 1008 6,
1397 972 1461 1009 34).
1490 971 1594 1012 Atque
1619 972 1732 1003 horum
1755 974 1870 1005 mediis
1891 975 1924 1005 in

1060 1016 1176 1048 finibus
1191 1020 1259 1048 erat
1273 1019 1438 1049 castellum
1447 1019 1605 1050 Adnatica
1616 1020 1665 1058 (B.
1674 1021 1713 1051 G.
1725 1024 1754 1058 6,
1766 1023 1829 1059 32),
1841 1031 1923 1062 quae

1059 1064 1145 1103 apud
1165 1064 1383 1095 Ptolemaeum
1404 1068 1438 1096 et
1458 1066 1492 1096 in
1521 1067 1683 1098 itinerario
1704 1069 1835 1108 antiquo
1856 1071 1923 1109 pri-

1058 1111 1159 1141 maria
1177 1112 1254 1143 urbs
1276 1112 1476 1152 Tungrorum
1496 1113 1640 1144 dicitur.“
1656 1115 1755 1145 an.
1778 1116 1852 1147 Non
1866 1117 1922 1147 de-

1059 1157 1197 1194 fuerunt,
1212 1160 1266 1198 qui
1280 1168 1398 1190 nomen
1415 1157 1628 1201 Tunyrorum
1643 1170 1684 1191 ex
1697 1162 1808 1202 lingua
1819 1163 1922 1194 Theo-

1059 1205 1140 1234 tisca
1154 1205 1439 1245 interpretarentur
1454 1210 1486 1238 et
1500 1208 1552 1238 vel
1567 1205 1733 1238 clamosos
1748 1210 1799 1240 vel
1812 1207 1922 1241 bomi-

1059 1259 1117 1280 nes
1129 1251 1250 1292 patria
1265 1250 1384 1294 linqua
1404 1257 1531 1284 utentes
1554 1254 1590 1292 (Ι.
1606 1255 1725 1286 Grimm
1741 1256 1833 1287 GDS.
1847 1267 1922 1298 pag.

1060 1300 1132 1337 788)
1148 1300 1200 1330 vel
1212 1299 1342 1339 fratres
1359 1302 1575 1342 (Kiinssberg)
1591 1311 1630 1333 eo
1651 1304 1824 1343 significari
1836 1305 1921 1336 dice-

1058 1349 1140 1376 rent.
1170 1347 1234 1377 Sed
1258 1349 1337 1378 satis
1362 1349 1459 1379 hodie
1485 1353 1620 1387 constat,
1645 1351 1706 1381 hos
1730 1351 1921 1382 Arduennae

1058 1394 1186 1424 accolas
1215 1395 1335 1431 Gallos,
1364 1404 1429 1426 non
1450 1397 1638 1428 Theotiscos
1660 1398 1768 1435 fuisse,
1796 1401 1829 1429 et
1852 1399 1921 1438 ipse

1060 1440 1181 1471 Caesar
1190 1441 1253 1471 hoc
1265 1441 1359 1472 docet
1366 1443 1403 1472 B.
1413 1443 1452 1472 G.
1468 1445 1498 1480 5,
1513 1445 1562 1474 2⁷.
1579 1444 1726 1475 Ceterum
1736 1446 1921 1476 Wormstall

1058 1487 1080 1516 l.
1095 1488 1117 1517 l.
1131 1491 1224 1518 acute
1236 1489 1374 1528 quidem,
1396 1490 1453 1520 sed
1468 1500 1534 1521 non
1549 1492 1593 1521 ita
1606 1492 1813 1531 probabiliter
1827 1502 1922 1532 quam

1058 1535 1198 1573 praefert
1211 1535 1383 1567 lectionem
1398 1539 1433 1566 ue
1449 1546 1541 1567 nunc
1558 1534 1688 1579 Tomyri
1701 1548 1740 1569 eo
1754 1539 1849 1570 modo
1864 1549 1920 1570 ex-

1058 1581 1165 1620 plicat,
1179 1584 1214 1612 ut
1225 1582 1347 1622 Tungri
1364 1583 1552 1614 vocabulum
1563 1585 1799 1625 subiectiquod
1810 1586 1921 1617 dicunt

1057 1629 1128 1658 vice
1149 1628 1315 1667 fungatur:
1338 1630 1399 1660 wie
1417 1631 1500 1669 jetzt
1522 1631 1573 1662 die
1596 1633 1749 1672 Tungern
1771 1634 1919 1664 Germani

1058 1675 1198 1706 heissen.
1209 1677 1308 1706 Immo
1320 1678 1415 1707 etiam
1427 1679 1453 1708 si
1465 1687 1560 1718 quam
1571 1679 1742 1710 lectionem
1752 1681 1826 1711 libri
1837 1681 1918 1720 opti—

1058 1723 1100 1752 mi
1114 1723 1270 1762 praebent
1281 1732 1324 1753 ac
1335 1733 1427 1754 nuuc
1443 1722 1475 1755 T.
1490 1726 1602 1765 legere
1618 1736 1780 1766 cogamur,
1793 1737 1836 1758 ac
1846 1737 1918 1767 par-

1058 1770 1188 1800 ticulam
1198 1770 1231 1799 h.
1242 1770 1263 1800 l.
1276 1770 1387 1801 eadem
1402 1774 1561 1803 sententia
1575 1783 1638 1812 qua
1649 1778 1686 1804 ut
1696 1784 1769 1805 esse
1780 1777 1812 1805 et
1822 1784 1918 1814 posse

1059 1819 1091 1847 et
1105 1816 1223 1847 debere
1239 1817 1413 1848 contendit.
1427 1835 1463 1840 —
1483 1816 1659 1860 Ger-mam]
1674 1821 1780 1853 Prima
1787 1822 1918 1853 Genua-

1058 1872 1172 1894 norum
1181 1865 1301 1894 mentio
1314 1868 1440 1895 exstare
1450 1865 1577 1896 videtur
1590 1867 1624 1896 in
1631 1868 1735 1898 Fastis
1744 1869 1918 1908 triumpha·

1057 1909 1141 1940 libus
1151 1910 1339 1950 Capitolinis
1351 1912 1410 1941 sub
1418 1912 1564 1951 Augusto
1575 1913 1608 1943 in
1617 1923 1754 1945 marmor
1762 1916 1880 1952 incisis,
1888 1926 1918 1955 p.

1059 1957 1158 1987 CLVI
1164 1957 1214 1987 ed.
1220 1958 1313 1994 Bait„
1319 1958 1496 1989 Mommsen
1504 1960 1539 1990 C.
1546 1960 1569 1990 1.
1577 1960 1613 1990 L.
1623 1962 1637 1990 1
1643 1982 1661 1997 .,
1668 1963 1738 1992 458:
1746 1962 1917 1992 RCLAV-

1058 2004 1133 2034 DIV
1134 2004 1167 2034 S.
1182 2005 1224 2034 M.
1239 2005 1275 2034 F.
1291 2005 1333 2034 M.
1348 2005 1387 2035 N.
1402 2006 1666 2038 MARCELLVS.
1682 2008 1750 2038 AN.
1765 2009 1917 2040 DXXXI.

1058 2051 1148 2081 COS.
1170 2051 1226 2081 DE
1247 2052 1437 2082 GALLEIS.
1458 2053 1721 2085 mSVBRIBvs.
1741 2056 1796 2085 ET
1816 2056 1917 2086 GER-

1057 2098 1159 2128 m.
1177 2101 1237 2128 cet.
1257 2107 1319 2137 quo
1338 2099 1465 2137 quidem
1478 2100 1511 2130 iu
1529 2101 1600 2130 ioco
1615 2101 1700 2131 Roth
1716 2099 1917 2138 (Germania

1058 2144 1084 2180 1,
1092 2146 1105 2173 1
1111 2146 1150 2175 56
1157 2146 1239 2183 sqq.)
1247 2147 1334 2175 recte
1341 2146 1509 2182 existimat,
1522 2147 1608 2185 quod
1613 2147 1759 2187 Augusto
1765 2150 1917 2187 placeret.

1058 2200 1116 2230 pro
1124 2192 1251 2221 nomine
1259 2192 1468 2222 Gaesatorum
1475 2193 1703 2224 Germanorum
1710 2204 1826 2226 nomen
1837 2197 1916 2227 inci-

1058 2247 1128 2268 sum
1134 2247 1215 2268 esse.
1222 2239 1309 2269 Idem
1316 2239 1337 2268 1.
1344 2239 1365 2268 l.
1373 2241 1552 2278 suspicatur
1559 2241 1788 2272 Germanorum
1799 2252 1916 2274 nomeu

1059 2285 1283 2324 temporelbelli
1295 2295 1504 2324 servorum‚a.
1514 2289 1553 2318 73
1562 2297 1591 2318 a.
1604 2288 1689 2326 Chr„
1700 2290 1834 2328 primum
1845 2299 1916 2320 esse

1057 2331 1214 2369 auditum3
1234 2332 1426 2363 Holtzmanu
1443 2343 1519 2364 vero
1537 2343 1645 2365 rursus
1659 2333 1843 2366 Germania
1857 2339 1915 2373 e,5

1057 2381 1132 2409 ante
1144 2388 1172 2409 a.
1181 2381 1219 2409 58
1226 2389 1255 2409 a.
1263 2379 1337 2409 Chr.
1345 2388 1416 2410 esse
1428 2380 1567 2411 auditum
1574 2381 1838 2423 audacternegat.
1852 2383 1917 2414 Sed

1058 2426 1142 2456 unde
1150 2427 1239 2456 novit
1246 2426 1295 2456 vir
1301 2426 1414 2456 doctus
1421 2427 1586 2457 Posidonii
1594 2429 1707 2466 locum,
1715 2439 1807 2468 quem
1816 2431 1915 2461 Athe-

1057 2482 1158 2503 naeus
1168 2475 1236 2503 153.
1248 2473 1336 2512 e(ap.
1345 2474 1469 2504 Miiuer.
1477 2476 1530 2511 32)
1543 2484 1584 2505 ex
1599 2476 1757 2507 tricesimo
1769 2477 1915 2508 historia-

1057 2521 1213 2550 rumlibro
1225 2521 1326 2558 affert,
1339 2521 1547 2559 posteriorem
1559 2531 1631 2552 esse
1642 2532 1728 2553 anno
1740 2525 1778 2553 58
1787 2524 1802 2553 ⁴?
1816 2524 1915 2555 Recte

1058 2568 1097 2598 de
1110 2568 1247 2598 hocloco
1255 2568 1475 2606 Toepelmann
1486 2577 1515 2606 p.
1523 2570 1577 2598 47:
1591 2569 1723 2608 (1n)quo
1732 2570 1837 2608 (libro)
1845 2580 1916 2601 oum

1057 2614 1096 2644 de
1112 2615 1341 2644 Germanorum
1356 2615 1490 2653 prandio
1506 2619 1628 2654 agatur,
1644 2620 1729 2646 certe
1743 2617 1784 2646 ad
1798 2626 1915 2648 annum

1060 2663 1128 2697 113,
1140 2670 1203 2700 quo
1215 2662 1348 2700 primum
1359 2661 1492 2691 Romani
1504 2671 1522 2690 a
1533 2662 1667 2692 Cimbris
1679 2665 1712 2693 et
1719 2663 1915 2693 Teutonibus

1056 2707 1155 2747 fugati
1179 2711 1263 2743 sunt,
1286 2717 1336 2737 res
1360 2717 1399 2737 eo
1413 2708 1493 2738 libro
1509 2712 1652 2739 narratas
1667 2710 1827 2747 pertinere
1841 2719 1913 2749 per—

1056 2763 1184 2785 suasum
1206 2755 1400 2785 habebimus.
1429 2755 1495 2785 Iam
1517 2756 1556 2785 do
1577 2756 1704 2786 nomine
1725 2757 1795 2795 ipso
1815 2765 1913 2796 agen-

1057 2801 1131 2831 dum
1145 2804 1203 2837 est,
1215 2802 1299 2841 quod
1312 2803 1456 2840 quamvis
1466 2803 1582 2832 multae
1593 2805 1623 2832 et
1631 2803 1810 2833 luculentae
1817 2804 1913 2833 ratio·

1056 2857 1113 2877 nes
1130 2851 1162 2877 ut
1185 2848 1375 2878 desistamus
1399 2849 1526 2878 tandem
1550 2858 1591 2879 ex
1612 2849 1719 2888 lingua
1743 2850 1915 2880 Theotisca

1057 2894 1173 2924 ducere
1189 2895 1380 2933 compellere
1396 2895 1571 2932 videantur,
1591 2898 1695 2926 tamen
1711 2905 1774 2926 non
1790 2896 1913 2932 desunt,

1056 2940 1149 2979 quiid
1160 2941 1264 2971 facere
1276 2941 1434 2977 studeant,
1447 2942 1478 2971 in
1491 2942 1539 2971 cis
1552 2951 1690 2972 summus
1703 2943 1750 2972 vir
1761 2945 1793 2972 et
1804 2943 1912 2972 harum

1055 2996 1158 3016 rerum
1174 2990 1207 3017 ut
1222 2989 1314 3027 pauci
1332 2989 1467 3027 peritus.
1487 2989 1538 3018 W.
1550 2989 1799 3028 Wackernagel,
1820 2985 1913 3018 Zeir-

1054 3031 1176 3073 schris'l
1198 3033 1259 3074 Γάι-
1275 3031 1317 3064 D.
1334 3032 1373 3064 A.
1395 3038 1412 3065 4
1424 3057 1431 3071 ,
1453 3037 1529 3066 480:
1554 3033 1627 3064 also
1649 3033 1832 3065 Germania
1850 3043 1913 3064 von

1055 3079 1178 3117 irnmu,
1190 3078 1274 3118 volte,
1287 3079 1475 3111 Germanus
1488 3080 1557 3121 atas
1558 3078 1695 3110 decusa-1·
1707 3078 1913 3113 G'airmans.

1053 3124 1294 3166 votksqenosse,
1309 3130 1340 3157 et
1356 3129 1387 3157 iu
1403 3137 1441 3157 eo
1456 3127 1548 3163 libro,
1565 3137 1628 3167 quo
1641 3128 1754 3167 prioris
1766 3126 1912 3157 editionis

1053 3173 1316 3203 chrestomathiae
1341 3174 1532 3204 Theotiscae
1547 3174 1746 3212 explicantur
1760 3172 1913 3203 vocabula

1053 3229 1078 3250 s.
1094 3230 1123 3250 v.
1140 3218 1315 3250 irmindeoae
1330 3220 1493 3260 adjungit:
1510 3220 1621 3257 irmin,
1636 3218 1721 3256 colle,
1736 3217 1823 3249 datu
1841 3217 1911 3248 Ar-

1053 3265 1175 3296 minius
1204 3265 1271 3296 und
1292 3264 1381 3297 uach
1408 3265 1607 3308 Goetziuqer
1631 3265 1832 3302 Germanus,
1848 3263 1877 3294 d.
1890 3263 1911 3302 ι’,
