2176 3672
885 248 1006 306 cap.
1028 248 1100 291 25.
1123 248 1193 290 26.
1808 294 1811 296 ,
1877 247 1931 287 49

48 367 380 423 verberare
409 345 576 409 servum
603 377 653 407 ac
681 362 852 413 vinculis
884 365 928 404 et
958 374 1085 419 opere
1126 363 1319 404 co'e’reere
1351 372 1501 414 rarum.
1522 357 1749 400 occidere
1782 357 1933 410 solent,

32 425 41 456 3¹
163 458 251 501 ηοξ
273 443 525 516 disciplina
525 445 596 492 et
598 441 851 495 severitate,
883 438 959 482 sed
998 439 1157 496 impetu
1187 441 1232 480 et
1261 437 1344 491 ira,
1376 439 1423 478 ut
1451 435 1683 489 immicum,
1716 434 1797 477 nisi
1828 431 1935 490 quod

134 502 363 580 ‚impunes
405 520 540 564 liberti
568 533 652 562 non
681 518 856 561 multum
885 530 1011 574 supra
1040 529 1184 558 servos
1215 518 1332 569 sunt,
1380 527 1473 557 raro
1500 512 1665 570 aliquod
1684 515 1940 555 momentum

134 639 135 642 ,
164 597 210 646 ,111
251 597 406 653 domo,
437 611 645 654 nunquam
689 597 732 638 in
779 595 966 650 civitate,
1010 594 1200 650 exeeptis
1247 592 1462 635 dumtaxat
1505 591 1555 633 iis
1600 589 1792 647 gentibus
1834 602 1937 645 quae

139 676 400 736 regnantur.
461 675 517 718 ibi
548 675 659 718 enim
689 677 732 717 et
762 687 888 730 super
918 672 1121 729 ingenuos
1153 674 1197 713 et
1227 683 1352 727 super
1378 668 1538 712 nobiles
1559 667 1808 711 ascendunt:
1831 664 1969 723 apuds

131 756 330 819 deuteros
359 754 538 810 impares
568 752 750 795 libertini
779 750 978 794 libertatis
1010 751 1297 806 argumentum
1329 750 1437 789 sunt.

285 831 376 888 (26)
405 830 572 874 Faenus
603 830 759 887 agitare
792 832 835 871 et
864 828 905 870 in
935 841 1080 870 usuras
1112 824 1340 891 extendere
1370 824 1570 880 ignotum3
1603 790 1778 880 ideoque
1809 821 1941 878 magis

168 895 355 957 servatur
383 923 506 967 quam
535 908 570 950 si
601 908 774 950 vetitum
804 909 929 949 66661.
978 905 1068 962 agri
1097 917 1173 961 pro
1203 915 1375 945 numero
1417 901 1618 943 cultorum
1659 899 1710 943 ab
1739 898 1942 942 universis

171 1191 245 1217 m
263 1183 390 1214 notula:
412 1180 450 1212 in
474 1178 536 1211 hoc·
559 1178 632 1211 loco
650 1178 776 1222 potius.

4 1292 36 1318 -ι,
172 1277 215 1309 ad
235 1276 312 1309 seu.
331 1276 370 1308 fi·-
390 1277 422 1308 h.
443 1277 468 1316 1,
485 1278 540 1312 10,
553 1285 586 1316 p.
609 1277 657 1306 12.
679 1274 782 1306 Simili
802 1274 898 1305 modo
919 1273 1036 1304 Graeci

0 1326 22 1364 ,ej
173 1325 303 1367 saepius
338 1324 484 1356 vocabul-
517 1319 653 1366 ἄλλος,
683 1321 754 1352 Indi
796 1331 843 1352 or
876 1331 908 1351 v
942 1328 1035 1361 onya

0 1366 40 1420 {fij
137 1398 143 1400 v
173 1373 248 1419 sunt
268 1371 390 1405 1161.-
411 1369 515 1412 uxor}
531 1379 619 1412 quae
641 1372 755 1409 postea
781 1378 909 1409 quoque
930 1370 983 1399 vel
1001 1369 1036 1399 in

26 1421 39 1430 “·
96 1419 126 1450 Γ.-
148 1437 150 1439 »
172 1411 266 1460 regu
293 1427 334 1458 ῳ
358 1418 549 1459 praecipue,
577 1426 659 1457 qnae
693 1416 735 1447 ad
763 1417 906 1450 ciborum
935 1425 1035 1456 appa-

40 1461 91 1497 ,ἷῗῧ
137 1483 149 1489 κ
171 1467 275 1503 nnn
305 1467 339 1496 et
374 1466 525 1496 vestitum
563 1465 782 1504 pertinebant,
814 1464 954 1495 curabat.
987 1464 1036 1495 Cf.

103 1512 109 1515 ’
172 1507 365 1550 dehold,
384 1511 424 1543 D.
454 1512 508 1542 Fr.
538 1527 577 1533 --
607 1508 791 1541 verberare
810 1528 831 1534 -
854 1528 875 1534 -
900 1511 1035 1550 rarum]

171 1534 387 1601 opponuntur
405 1558 487 1590 11666
507 1558 724 1590 Romanorum
745 1559 897 1590 saevitiae
919 1559 952 1589 in
967 1567 1035 1589 ser-

170 1608 241 1638 v'on·
261 1605 328 1638 err.
349 1606 405 1637 Gr.
427 1603 468 1636 R.
490 1603 533 1636 A.
553 1617 585 1647 p.
609 1608 679 1637 344.
696 1624 734 1629 —
750 1615 850 1648 opere
865 1604 1034 1648 coercere]

171 1653 262 1687 velut
291 1662 365 1685 omn
382 1654 483 1692 ¹Davo
508 1655 671 1685 minitatur
698 1654 865 1693 Horatius,
895 1652 1035 1685 accedes

172 1709 280 1744 opera
308 1710 393 1743 agro
424 1710 517 1732 nona
537 1699 669 1732 Sabino
692 1702 757 1733 Sat.
780 1704 808 1740 2,
831 1705 860 1741 ’1,
885 1704 965 1740 118.,
985 1702 1036 1733 vel

173 1748 294 1781 emin
313 1749 483 1789 pistrinum
511 1749 772 1780 detrudebantur.
800 1750 849 1781 De
872 1758 1038 1780 servorum

179 1790 266 1837 apud
286 1797 449 1828 Romanos
471 1798 586 1837 poenis
608 1797 649 1828 cf.
678 1798 813 1836 Becker,
843 1797 966 1835 Gallus,
987 1797 1038 1828 ed.

173 1845 216 1884 a,
234 1844 284 1883 11,
305 1854 380 1886 pag.
405 1846 460 1875 121
485 1853 556 1885 sqq.
578 1845 738 1884 Ceterum,
759 1844 846 1885 quod
868 1845 963 1876 modo
983 1845 1038 1875 in-

149 1890 153 1894 ’
173 1892 342 1933 sequentia
366 1892 466 1923 verbs.
492 1894 570 1924 satis
592 1893 727 1931 docent,
748 1893 833 1924 idem
862 1893 1037 1924 Germano-

171 1947 243 1971 rum
265 1939 298 1969 in
319 1947 430 1970 servos
452 1948 528 1971 snos
551 1943 621 1971 erat
643 1941 693 1971 ius
714 1940 800 1980 quod
814 1940 1039 1978 Romanorum,

175 1987 219 2032 ot·
235 1986 270 2017 111
298 1986 427 2026 legibus
461 1987 670 2018 barbarorum
702 1997 782 2028 quas
812 1988 923 2018 dicunt
954 1989 1040 2019 servi

175 2033 260 2064 111166
280 2035 389 2064 cetera
407 2034 557 2065 animalia
577 2039 794 2066 numerantur.
817 2052 855 2057 -
885 2032 1041 2065 occidere

176 2076 295 2121 60161611
316 2079 387 2111 Hoc
409 2080 529 2111 domini
550 2082 600 2112 ius
621 2083 730 2120 valuit,
746 2083 848 2114 donec
869 2092 928 2122 per
948 2083 1040 2113 Chri-

177 2127 315 2158 stianam
334 2127 509 2160 doctrinam
529 2130 693 2168 paullatim
714 2131 867 2161 abolitum
889 2132 946 2160 est.
975 2129 1040 2160 Cfr.

179 2174 235 2207 Gr.
256 2172 297 2206 R.
317 2172 414 2215 Asp.
436 2177 506 2206 844.
530 2193 568 2199 —-
591 2174 716 2218 liberti]
739 2177 793 2217 qui
814 2187 879 2208 non
902 2180 937 2207 ut
957 2177 1043 2217 apud

177 2222 339 2255 Romanos
372 2225 493 2255 eertum
527 2225 639 2264 populi
676 2225 819 2256 ordinem
851 2234 889 2256 ac
919 2228 1042 2265 partem

178 2270 432 2309 constituebant,
464 2271 524 2302 sed
555 2274 679 2302 tantum
711 2272 817 2303 media
855 2272 1041 2303 condicione

177 2320 270 2349 oram
288 2317 372 2350 inter
393 2327 477 2358 eros,
499 2319 553 2359 qui
576 2328 633 2350 606
654 2320 912 2357 manumissi-ant,
925 2329 1041 2351 eorun-

177 2363 312 2406 demque
340 2374 462 2397 servos.
483 2366 658 2406 Perper-am
678 2367 808 2398 Ernesti
837 2368 974 2398 coniecit
995 2369 1041 2398 16-

176 2411 316 2452 gendum
359 2422 431 2445 esse
462 2410 627 2452 libertini,
658 2424 730 2445 cum
768 2416 898 2446 Tacitus
936 2416 1042 2455 priore

177 2459 248 2492 1060
283 2459 550 2502 haudquaquam·
567 2463 674 2502 aliquo
707 2463 748 2493 de
780 2463 891 2494 ordine
930 2464 1042 2503 loqua-

177 2508 238 2539 tur.
274 2507 530 2540 Vetustissimum
558 2510 598 2548 (2)
638 2514 744 2542 autem
786 2512 1042 2542 manumissionis

177 2554 271 2587 ritum
291 2555 376 2587 clare
403 2557 603 2596 praecipiunt
632 2558 739 2598 Leges
761 2559 795 2589 in
824 2559 943 2598 Anglia
964 2567 1041 2589 eon-

105 2639 110 2646 ,
177 2601 273 2634 ditae.
294 2603 354 2634 Ed.
377 2603 530 2635 Canciani
550 2605 605 2635 lv.
626 2615 657 2645 p.
680 2608 751 2638 401.
775 2605 928 2646 (Schmin,
950 2606 989 2636 G.
1012 2606 1041 2636 (1.

171 2649 216 2691 ιΔ.
237 2651 332 2690 476):
350 2647 425 2689 Qui
452 2660 588 2682 servum
608 2662 708 2683 sunm
729 2651 850 2684 liberat
871 2652 909 2683 in
930 2651 1042 2683 eccle-

177 2697 232 2728 ssa
253 2695 307 2728 vel
332 2703 482 2730 mercato
515 2698 569 2730 vel
594 2700 756 2732 comitatu
785 2700 838 2732 vel
867 2698 1043 2739 handu-eto,

46 2021 81 2034 ζ
45 1686 93 1993 swanum&
61 1495 68 1505 «

179 2753 298 2777 coram
317 2745 454 2777 testibus
477 2750 507 2778 el
525 2746 646 2790 palam
664 2748 791 2790 faciat,
813 2753 842 2779 e!
864 2746 989 2780 liberas
1013 2747 1044 2779 ei

179 2791 255 2825 vias
287 2797 318 2825 el
342 2797 463 2836 portas
497 2793 687 2827 conscribet
715 2800 873 2838 apertas,
903 2800 933 2826 et
961 2794 1042 2827 lan-

180 2849 276 2872 ceam
296 2845 327 2872 ee
347 2839 499 2884 yladium
526 2852 616 2885 quae
634 2829 821 2874 ‘liberorum
845 2853 944 2874 arma
966 2847 1043 2874 sune

178 2897 215 2920 m
235 2886 394 2920 manibus
423 2888 454 2920 ei
473 2894 590 2931 ponat.
616 2891 666 2922 De
686 2891 934 2922 manumissione
958 2892 1043 2930 apud

179 2936 410 2977 Langobardos
438 2947 469 2968 v.
496 2934 647 2969 flotharis
677 2939 746 2970 Lex
774 2941 854 2970 225:
880 2936 1043 2968 Dominus

180 2981 253 3025 ipse
274 2987 418 3026 quartus
441 2982 545 3015 ducat
566 2994 642 3016 eum
663 2983 902 3027 in'quadricio
925 3002 944 3008 -
971 3002 991 3008 -
1014 2989 1044 3016 et

174 3029 232 3062 *sic
261 3028 378 3062 dicac:
410 3029 462 3062 De
499 3037 662 3074 quattuor
692 3032 767 3071 viis,
805 3031 863 3063 ubi
895 3030 1040 3068 colueris

182 3075 375 3118 ambulare,
405 3077 546 3111 liberam
579 3078 706 3111 habeas
736 3084 946 3122 potestatem.
979 3080 1044 3111 Cir.

181 3126 343 3158 lux-atoni
364 3127 494 3168 Antiqq.
515 3138 556 3159 m.
578 3130 650 3160 aevi
672 3128 703 3160 I.⁴
720 3138 750 3168 p.
774 3130 844 3164 847,
869 3128 907 3157 de
929 3127 1045 3166 triplici

181 3174 276 3206 modo
310 3175 564 3206 manumissionis
599 3176 685 3215 apud
729 3176 871 3206 Francos
907 3175 1041 3213 Brequi·

181 3221 441 3263 guy-Pudessus
468 3223 553 3263 Dipl.
579 3223 603 3254 1.
634 3232 665 3262 p.
691 3224 762 3260 253,
786 3223 841 3253 Gr.
874 3219 913 3251 R.
944 3218 986 3251 A.
1014 3230 1045 3261 p.

183 3269 240 3300 681
279 3277 361 3310 sqq„
387 3269 504 3301 Waitz.
533 3270 571 3301 D.
599 3271 638 3301 V.
668 3268 706 3308 1⁹,
738 3271 795 3300 174
830 3268 1044 3311 6001116110-

182 3316 300 3348 misum
330 3326 352 3348 a
372 3317 539 3348 Germanis
561 3318 675 3348 dieitur
693 3314 814 3365 Γνῐὶᾶξ,
837 3317 857 3345 f.
887 3313 997 3364 ΓνῖΙᾶ6
1001 3323 1047 3350 a‚·

182 3360 304 3403 fralets
347 3365 432 3403 apud
477 3365 638 3395 Wulfilam
684 3367 733 3394 est
779 3354 929 3390 ἀπελῖἐῑ
912 3357 1046 3403 ’ς’-9890

220 3417 335 3444 Tacitus
355 3417 391 3443 u.

273 1024 303 1054 8.
323 1018 437 1053 liberti
458 1038 479 1044 -
501 1038 521 1043 -
521 1023 781 1062 armamentum
801 1019 893 1058 sunt]
918 1018 958 1049 In
972 1018 1039 1048 AB
1062 1017 1169 1048 omnia
1188 1016 1270 1046 haec
1292 1015 1410 1046 omissa
1431 1015 1463 1045 in
1484 1013 1548 1044 fine
1571 1013 1697 1043 demum
1721 1021 1748 1042 6.
1760 1014 1810 1043 26.
1832 1020 1943 1043 occur-

169 1075 299 1119 roboan
329 1075 390 1107 sed
417 1075 444 1106 B
472 1075 568 1106 etiam
596 1074 650 1104 hic
670 1074 768 1104 habet
788 1073 940 1104 inferiore
961 1071 1123 1112 margine,
1152 1070 1246 1108 signo
1267 1069 1309 1100 ad
1330 1078 1360 1099 v.
1389 1067 1524 1109 impune
1544 1067 1667 1106 posito;
1689 1066 1851 1105 adscripta
1871 1067 1946 1096 sunt

170 1129 201 1168 (,
213 1130 391 1161 &umento
413 1128 579 1166 dilutiore·
601 1127 756 1158 omittitur
784 1129 815 1156 ee
834 1134 937 1167 super
957 1123 1144 1166 ingenim-s,-
1165 1132 1231 1154 non
1251 1125 1358 1154 autem
1374 1122 1475 1153 altero
1496 1121 1569 1151 loco
1592 1129 1620 1151 6.
1636 1121 1715 1152 26.“

1745 1120 1931 1150 Boncmo.
1931 1118 1944 1157 )

1082 1272 1131 1302 De
1159 1271 1416 1302 manumissionis
1449 1270 1536 1310 apud
1575 1270 1613 1300 G.
1643 1269 1790 1301 boreales
1823 1269 1946 1300 ratione

1085 1316 1266 1360 (leysz'nq)
1305 1321 1338 1349 et
1374 1318 1562 1348 libertorum
1597 1317 1641 1348 ibi
1682 1317 1869 1348 condicione
1906 1315 1947 1347 of.

1082 1366 1257 1397 Weinhold
1278 1366 1318 1396 N.
1330 1366 1366 1396 L.
1390 1367 1452 1395 438
1475 1374 1544 1405 sqq.
1559 1373 1692 1395 ——raro
1714 1361 1854 1406 aliquod
1874 1372 1948 1394 mo-

1084 1413 1243 1466 mentum]
1277 1413 1366 1444 Haec
1401 1414 1507 1444 omnia
1541 1414 1716 1453 respiciunt
1746 1413 1788 1443 ad
1819 1412 1949 1442 nimiam

1082 1448 1260 1500 potentiam
1289 1464 1385 1501 atque
1413 1461 1612 1500 iniquitatem
1643 1460 1827 1491 libertorum
1863 1458 1949 1499 apud

1083 1508 1246 1539 Romanos
1267 1517 1326 1548 per
1348 1510 1497 1548 corrupta
1511 1507 1634 1547 imperii
1658 1510 1810 1547 tempora.
1824 1507 1948 1546 Aspero

1084 1556 1233 1595 obiurgat
1253 1555 1384 1586 fratrem
1407 1556 1558 1593 Quintum
1589 1556 1683 1587 nimis
1705 1556 1832 1587 facilem
1852 1555 1948 1586 liber-

1083 1603 1124 1634 tis
1147 1604 1214 1634 suis
1235 1603 1300 1634 iam
1321 1604 1434 1634 Cicero
1456 1604 1537 1643 Epp.
1563 1605 1591 1642 1,
1615 1606 1642 1634 1.
1665 1604 1770 1643 Atque
1791 1604 1948 1634 memento

1085 1651 1287 1691 Chrysogoni
1317 1650 1434 1689 Sullae,
1463 1652 1615 1682 Demetrii
1644 1651 1798 1691 Pompeii,
1819 1651 1948 1681 Pallan-

1086 1699 1126 1729 tis
1150 1701 1183 1729 et
1202 1699 1345 1730 Narcissi
1368 1699 1492 1729 Claudii
1513 1700 1711 1730 libertorum.
1727 1716 1766 1721 —
1788 1696 1949 1740 impares]

1084 1747 1253 1777 inferiores
1284 1747 1444 1787 ingenuis.
1474 1747 1603 1778 Dunnx.
1633 1748 1782 1779 Ceterum
1806 1747 1887 1778 haec
1910 1746 1950 1777 de

1084 1794 1271 1825 libertorum
1292 1795 1438 1833 potentia
1458 1795 1545 1834 apud
1564 1797 1678 1836 yenles
1694 1803 1782 1836 quae
1803 1803 1950 1836 reynau-

1086 1845 1144 1872 lur
1175 1842 1338 1881 pertinent
1378 1842 1420 1873 ad
1462 1839 1710 1873 Marcomanos.
1748 1839 1951 1884 Quadosque

1087 1889 1122 1920 O.
1158 1891 1218 1927 42.,
1250 1887 1396 1919 Gotones
1427 1890 1462 1920 0.
1484 1891 1546 1927 43.,
1567 1887 1711 1920 Suiones
1735 1890 1770 1920 0.
1799 1892 1848 1920 44.
1886 1890 1950 1920 Re-

1087 1946 1162 1976 gum
1184 1945 1261 1967 sane
1288 1937 1507 1968 tantummodo
1528 1937 1638 1968 favore
1659 1940 1755 1978 atque
1781 1937 1951 1977 indulgen—

1088 1985 1133 2014 tia
1159 1985 1312 2014 momenti
1339 1985 1462 2024 aliquid
1482 1984 1516 2015 111
1543 1986 1635 2025 regia
1663 1986 1749 2015 etin
1776 1985 1846 2024 ipsa
1874 1985 1951 2015 civi-
1994 1989 1998 1994 ”

1088 2034 1153 2062 tate
1175 2031 1308 2070 adipisci
1340 2035 1490 2072 poterant
1517 2033 1633 2063 liberti.
1656 2032 1704 2063 ef.
1726 2033 1831 2063 Waitz
1852 2032 1891 2063 D.
1913 2032 1952 2062 V.

1088 2076 1127 2116 1²,
1149 2081 1225 2110 364:
1246 2080 1304 2109 auf
1330 2080 1387 2110 das
1410 2080 1611 2111 Verhfiltniss
1639 2089 1710 2110 zum
1733 2080 1858 2119 Konige
1880 2079 1954 2110 kam

1089 2127 1168 2158 alles
1189 2137 1251 2158 au:
1273 2128 1347 2163 weil
1364 2128 1498 2167 jemand
1520 2127 1593 2158 dem
1613 2127 1653 2158 K.
1670 2129 1787 2165 diente,
1800 2127 1896 2158 ,ward
1918 2135 1954 2158 er

1090 2175 1250 2213 erheben3
1274 2176 1315 2206 ob
1345 2185 1380 2206 er
1400 2176 1502 2205 naher
1530 2175 1609 2206 oder
1629 2176 1738 2206 ferner
1766 2175 1874 2213 stand,
1896 2176 1952 2206 da-

1090 2224 1162 2254 rauf
1180 2223 1288 2254 warde
1311 2223 1464 2263 866611611-
1485 2223 1577 2253 Auch
1599 2223 1656 2254 der
1669 2220 1743 2254 Lice
1765 2224 1844 2254 oder
1857 2221 1952 2254 Frei-

1089 2268 1264 2312 9elassene
1291 2271 1412 2302 konnte
1442 2280 1479 2301 so
1501 2280 1542 2301 zu
1568 2271 1707 2302 116116161-
1729 2271 1875 2312 Stellung
1895 2280 1952 2316 ge·

1090 2319 1218 2359 langen.
1245 2319 1294 2349 De
1323 2319 1458 2358 Anglos.
1488 2318 1528 2349 cf.
1558 2319 1652 2349 etiam
1680 2319 1759 2357 Leo,
1787 2320 1889 2351 rectit.
1921 2328 1952 2359 p.

1073 2379 1076 2382 ⁴
1093 2368 1150 2396 172
1173 2375 1243 2406 sqq.

1132 2415 1182 2443 26.
1195 2412 1322 2453 faenus
1339 2412 1486 2454 aquare]
1501 2422 1559 2453 pro
1571 2414 1673 2453 magis
1686 2414 1780 2444 solita
1790 2414 1852 2444 106.
1860 2411 1953 2453 flea·-

1090 2468 1207 2491 ercere
1227 2461 1265 2490 A.
1295 2462 1324 2498 6,
1350 2463 1414 2498 16.;
1436 2469 1488 2491 res
1510 2461 1634 2501 utique,
1657 2461 1684 2491 61
1705 2460 1817 2492 modus
1844 2469 1953 2491 serve-

1091 2509 1151 2546 tur,
1171 2508 1276 2546 licita3
1299 2517 1365 2538 non
1387 2510 1438 2539 cst
1459 2508 1543 2538 enim
1574 2505 1718 2538 Wuclaeer
1739 2504 1876 2546 mihera,
1896 2507 1954 2539 sed

1094 2552 1351 2597 Geldqesckt'ifle
1370 2552 1525 2594 macken,
1547 2554 1711 2597 lrafiquer
1726 2553 1765 2585 de
1783 2551 1929 2596 l'arqent
1938 2563 1954 2591 ;

1090 2603 1295 2634 nihilominus
1324 2603 1531 2642 reprehensio
1561 2603 1654 2640 inest,
1682 2612 1755 2633 nam
1782 2602 1955 2642 opponitur

1091 2651 1152 2681 hoc
1174 2651 1289 2681 nimiae
1312 2651 1529 2681 Romanorum
1544 2651 1778 2681 faeneratorum
1792 2649 1953 2679 avaritiae.

1093 2696 1216 2728 Debita
1237 2701 1343 2729 autem
1372 2699 1466 2731 etiam
1488 2698 1574 2738 apud
1599 2698 1749 2736 antiquos
1778 2697 1954 2727 Germanos

1091 2747 1186 2776 certis
1208 2746 1267 2776 sub
1295 2746 1439 2776 formulis
1460 2754 1568 2775 coram
1594 2745 1719 2775 iudiciis
1741 2746 1854 2774 exacta
1882 2752 1954 2774 esse

1091 2795 1224 2832 apparet
1251 2802 1291 2823 cx
1319 2801 1427 2823 eorum
1455 2792 1593 2832 legibus.
1620 2788 1684 2822 cfr.
1714 2791 1768 2822 Gr.
1791 2788 1832 2821 13.
1859 2788 1902 2821 A.
1922 2800 1954 2830 p.

1092 2843 1163 2871 614.
1192 2843 1225 2870 et
1252 2841 1321 2870 866.
1351 2856 1388 2861 --
1418 2838 1455 2869 in
1482 2848 1610 2869 usuras
1642 2835 1831 2879 estendere}
1861 2846 1954 2877 prae-

1092 2891 1192 2918 eunte
1209 2880 1397 2917 'rhiersehio
1419 2888 1490 2917 Act.
1506 2881 1583 2925 phil.
1605 2886 1690 2916 Mon.
1711 2885 1767 2916 111.
1788 2887 1816 2915 3.
1837 2895 1868 2925 p.
1880 2886 1954 2915 04⁷0

1091 2936 1179 2965 Baeh
1200 2937 1232 2964 et·
1252 2935 1402 2965 Duebner
1422 2937 1605 2973 exponunt:
1625 2934 1695 2970 „ita
1716 2936 1751 2964 ut
1771 2934 1865 2964 etiam
1880 2942 1954 2963 usu·

1091 2991 1196 3012 rarum
1218 2981 1329 3011 faenus
1351 2982 1500 3021 agitetur,
1531 2991 1572 3012 ex
1601 2982 1680 3020 ipsis
1708 2982 1811 3011 usuris
1839 2989 1954 3011 usurae

1092 3037 1200 3059 rursus
1228 3029 1393 3067 capiantur
1419 3028 1516 3068 priori
1545 3028 1621 3058 sorti
1651 3025 1839 3068 (Kapital)
1867 3027 1954 3058 adie-

1094 3077 1173 3114 ctis3
1195 3076 1248 3114 qui
1271 3078 1319 3105 est
1342 3074 1573 3106 anatocismus
1592 3076 1618 3104 “.
1645 3076 1719 3112 Alii,
1747 3078 1781 3105 ut
1801 3075 1954 3110 Walther,

1094 3124 1274 3162 explicant:
1300 3123 1479 3162 „pecunias
1502 3123 1633 3153 faenore
1653 3123 1807 3154 auctitare
1819 3124 1845 3159 ⁴⁴,
1867 3123 1954 3152 sive:

1096 3179 1177 3209 „per
1204 3170 1333 3210 longam
1359 3179 1516 3200 annorum
1546 3170 1669 3204 seriem·
1684 3169 1831 3213 ,eiusdem
1859 3168 1954 3198 sortis

1094 3227 1158 3247 non
1180 3217 1328 3247 redactae
1356 3217 1445 3254 (Hor.
1468 3216 1570 3256 Epod.
1593 3219 1622 3253 2,
1649 3216 1711 3254 69.)
1733 3224 1844 3246 usuras
1872 3214 1954 3244 iusto

1095 3267 1236 3303 tempore
1268 3265 1399 3303 exigere
1416 3265 1442 3293 ⁴⁴.
1474 3263 1607 3300 Verum,
1640 3263 1700 3293 hoc
1732 3263 1760 3293 si
1791 3262 1956 3297 voluisset,

1095 3312 1204 3351 quidni
1215 3312 1355 3350 apertius
1366 3311 1549 3350 scripsisset
1556 3319 1622 3351 per
1633 3308 1779 3340 usuras?
1791 3306 1954 3338 ORELLI.

1096 3360 1143 3390 Cf.
1160 3356 1342 3397 Henninqs,
1356 3356 1439 3388 iiber
1454 3355 1507 3387 die
1522 3354 1722 3396 ‹tyran-ischa
1746 3351 1953 3393 Versassuny

1652 3415 1670 3443 4
