2176 3672
756 346 928 390 LIBER
956 346 1011 389 II.
1071 345 1171 400 Cap.
1204 346 1269 390 76.
1300 346 1367 390 77.
1861 343 1944 387 369

172 462 387 506 Corbulo?
415 462 678 517 splendidior
707 462 869 516 origine
898 473 1024 516 quam
1054 473 1131 503 nos
1162 473 1331 515 sumus,
1361 459 1518 514 fateor,
1549 460 1626 503 sed
1655 463 1699 503 et
1727 458 1841 502 Nero
1871 471 1944 501 no-

169 542 337 597 bilitate
376 541 583 586 natalium
622 541 843 585 Vitellium
883 540 1085 584 anteibat.
1134 542 1239 584 satis
1280 540 1421 583 clarus
1462 543 1528 582 est
1567 540 1683 594 apud
1723 540 1942 583 timentem

169 623 362 678 quisqms
392 623 576 666 timetur.
623 624 667 664 et
694 633 820 676 posse
848 621 902 664 ab
932 621 1119 664 exercitu
1146 621 1379 675 principem
1412 619 1506 663 fieri
1525 620 1610 666 sibi,
1627 620 1720 674 ipse
1738 619 1940 662 Vitellius

168 703 433 756 documento,
461 702 589 746 nullis
618 701 854 755 stipendiis,
884 700 1000 744 nulla
1029 701 1206 743 militari
1236 700 1363 754 fama,
1395 698 1557 743 Galbae
1577 700 1674 743 odio
1703 701 1941 754 provectus

170 796 224 827 ne
245 783 455 827 Othonem
487 782 657 837 quidem
687 781 806 824 ducis
837 784 930 824 arte
960 784 1036 823 aut
1066 781 1273 823 exercitus
1294 781 1349 834 vi,
1380 781 1456 823 sed
1486 792 1779 834 praepropera
1808 779 1944 834 ipsius
1982 789 2000 817 5

170 863 467 917 desperatione
487 863 660 915 victum,
691 861 776 904 iam
798 860 1123 904 desiderabilem
1153 864 1196 903 et
1220 873 1419 915 magnum
1449 860 1684 914 principem
1704 859 1818 913 fecit,
1849 871 1943 902 cum

170 942 338 986 interim
367 943 534 997 spargit
561 941 772 997 legiones,
815 945 1006 984 exarmat
1036 941 1247 994 cohortes,
1290 953 1400 983 nova
1441 940 1597 983 cotidie
1633 939 1743 982 bello
1783 940 1945 982 semina

172 1022 400 1066 ministrat.
447 1023 485 1066 si
514 1023 617 1076 quid
648 1022 814 1065 ardoris
845 1034 894 1065 ac
923 1020 1107 1065 ferociae
1136 1020 1257 1064 miles
1287 1020 1459 1073 habuit,
1499 1020 1668 1074 popinis
1708 1023 1752 1062 et
1793 1020 1944 1062 comis-

170 1102 406 1146 sationibus
446 1106 491 1146 et
526 1102 731 1157 principis
772 1102 1011 1145 imitatione
1050 1102 1271 1144 deteritur.
1318 1099 1396 1143 tibi
1427 1112 1450 1143 e
1479 1100 1640 1142 Iudaea
1676 1103 1720 1142 et
1749 1099 1871 1154 Syria
1901 1102 1943 1142 et

171 1182 368 1238 Aegypto
397 1195 547 1226 novem
575 1182 762 1236 legiones
791 1182 1006 1236 integrae,
1047 1181 1165 1224 nulla
1202 1181 1292 1224 acie
1323 1180 1574 1233 exhaustae,
1616 1193 1698 1222 non
1730 1180 1944 1222 discordia
1959 1191 2002 1221 ιο

172 1266 421 1317 corruptae,
462 1263 538 1306 sed
571 1261 766 1305 firmatus
805 1275 886 1305 usu
924 1261 1044 1304 miles
1083 1265 1125 1304 et
1144 1261 1255 1328 ¹belli
1293 1261 1477 1303 domitor
1515 1261 1700 1313 externi3
1745 1260 1944 1303 classium

172 1342 337 1386 alarum
357 1342 592 1386 cohortium
620 1342 774 1386 robora
803 1345 848 1385 et
876 1340 1072 1384 fidissimi
1091 1353 1212 1395 reges
1234 1344 1276 1384 et
1297 1344 1373 1383 tua
1393 1344 1493 1384 ante
1512 1341 1648 1383 omnis
1670 1341 1941 1395 experientia.

171 1423 266 1478 (77)
296 1423 417 1467 nobis
446 1423 552 1466 nihil
582 1423 699 1466 ultra
727 1422 964 1477 adrogabo,
1008 1435 1134 1476 quam
1171 1434 1225 1464 ne
1253 1424 1353 1475 post
1382 1420 1606 1464 Valentem
1647 1424 1690 1463 et
1720 1420 1944 1464 Caecinam

169 1515 451 1547 numeremur.
495 1516 548 1546 ne
577 1506 717 1546 tamen
748 1503 991 1546 Mucianum
1021 1502 1182 1545 socium
1212 1501 1446 1555 spreveris,
1486 1501 1588 1556 quia
1618 1501 1830 1544 aemulum
1861 1514 1944 1543 non

172 1583 391 1638 experiris.
436 1596 504 1627 me
523 1583 698 1626 Vitellio
718 1587 940 1638 anteponO,
970 1586 1014 1627 te
1036 1582 1150 1626 mihi.
1200 1586 1300 1625 tuae
1321 1581 1466 1624 domui
1495 1581 1754 1635 triumphale
1783 1594 1948 1635 nomen,
1965 1592 2005 1622 15

172 1664 257 1707 duo
296 1663 488 1717 iuvenes,
531 1675 664 1718 capax
702 1664 787 1707 iam
828 1663 995 1718 imperii
1034 1662 1165 1717 alter,
1206 1665 1249 1705 et
1277 1662 1426 1716 primis
1464 1661 1643 1704 militiae
1682 1661 1802 1704 annis
1833 1662 1949 1715 apud

175 1743 446 1788 Germanicos
485 1756 653 1798 quoque
689 1744 899 1788 exercitus
936 1743 1088 1787 clarus.
1135 1742 1367 1786 absurdum
1404 1741 1534 1786 fuerit
1571 1755 1655 1784 non
1687 1742 1839 1785 cedere
1869 1742 1947 1784 im-

175 1824 294 1879 perio
324 1824 387 1878 ei,
428 1823 549 1867 cuius
577 1822 712 1867 filium
741 1825 1025 1878 adoptaturus
1064 1835 1218 1877 essem,
1260 1823 1296 1866 si
1325 1823 1418 1877 ipse
1447 1823 1713 1877 imperarem.
1763 1826 1947 1865 ceterum

177 1904 288 1948 inter
317 1915 394 1947 nos
423 1916 507 1947 non
536 1904 650 1948 idem
680 1917 981 1959 prosperarum
1012 1904 1371 1959 adversarumque
1406 1916 1548 1948 rerum
1578 1903 1684 1946 ordo
1713 1903 1806 1946 erit.
1851 1915 1948 1944 nam

272 2101 288 2131 1
315 2099 483 2139 splendior
507 2109 544 2130 ea:
567 2099 745 2139 splendiori
770 2109 851 2131 corr.
873 2102 923 2131 lm
1006 2101 1026 2131 4
1051 2097 1164 2143 nullis]
1190 2099 1271 2130 nulli
1358 2100 1377 2130 5
1403 2099 1563 2130 exercitus
1587 2098 1622 2129 vi
1647 2097 1835 2129 Rhenanus:
1858 2107 1949 2129 exer-

180 2145 246 2176 citu
269 2145 319 2176 sui
396 2155 599 2186 propropera
623 2145 680 2176 sed
701 2155 784 2176 corr.
811 2148 861 2176 lm
940 2144 994 2188 819
1019 2143 1304 2177 comissationibus
1382 2147 1402 2176 9
1427 2145 1506 2184 tibie
1528 2143 1532 2187 Ι
1552 2145 1654 2175 Iudea
1732 2147 1771 2175 11
1799 2147 1950 2183 corrupte

179 2201 217 2222 ea:
240 2194 395 2231 corrupta
418 2201 501 2223 corr.
520 2194 571 2223 lm
644 2191 766 2222 domito
791 2201 849 2223 rex
871 2191 957 2222 terni
981 2190 1079 2233 (corr.
1097 2190 1162 2234 2m)
1257 2193 1297 2223 12
1334 2190 1417 2222 0sz
1442 2189 1567 2234 (omnia
1589 2190 1740 2232 Ruperti)
1834 2191 1876 2221 13
1901 2189 1948 2220 ni-

179 2237 246 2269 ehi}
338 2239 524 2278 postulante
547 2239 646 2278 (corr.
672 2238 738 2278 3m)
829 2238 974 2268 cecinam

178 2410 220 2441 ef·
251 2409 350 2441 etiam
382 2409 542 2450 Iosephus
575 2409 608 2440 b.
633 2409 660 2439 Ι.
686 2410 727 2448 4,
753 2408 813 2448 10,
837 2410 877 2440 4:
913 2406 974 2453 Τῷ
1009 2405 1048 2443 δὲ
1083 2410 1224 2448 renaiea,
1250 2408 1359 2439 XXII.
1384 2406 1623 2450 Deiotariana).
1648 2425 1693 2431 --
1717 2405 1879 2446 classium]
1905 2406 1946 2436 cf.

182 2461 463 2510 (Οὗεσπασιανῷ)
497 2463 632 2509 φροντὶς
665 2462 724 2508 μὲν
759 2457 802 2508 ἦν
835 2462 939 2499 πάλαι
972 2462 1049 2507 περὶ
1083 2475 1109 2497 c.
1126 2468 1148 2497 4
1172 2466 1300 2496 classes.
1326 2468 1524 2497 memoratur
1542 2464 1729 2496 C'LASSIS
1747 2462 1948 2493 SYRJAOA.

180 2522 247 2556 τῶν
271 2517 381 2565 ὅλων,
407 2517 499 2557 οὗτοι
522 2533 563 2566 γε
587 2519 654 2566 μὴν
680 2518 784 2560 αὐτὸς
808 2516 921 2565 ἄρχειν
945 2519 1048 2565 προῄ-
1082 2524 1183 2555 Inscr.
1210 2533 1253 2553 m.
1281 2523 1353 2554 Lat.
1379 2523 1419 2552 N.
1446 2523 1544 2554 3605.
1571 2522 1673 2554 Inscr.
1701 2521 1739 2552 cle
1765 2521 1879 2552 Morte.
1904 2521 1948 2551 11.

181 2590 273 2623 ρητο,
296 2582 367 2618 τοῖς
392 2576 451 2623 μὲν
477 2577 585 2623 ἔργοις
601 2576 721 2613 ἑαυτὸν
737 2574 828 2619 ἄξιον
845 2574 1046 2621 ἡγούμενος,
1083 2590 1116 2620 p.
1135 2581 1188 2611 50.
1212 2581 1252 2611 N.
1280 2581 1355 2612 167.
1403 2580 1492 2611 Hase
1525 2579 1671 2619 Rapport
1693 2588 1748 2609 sur
1773 2579 1819 2609 les
1843 2578 1944 2607 Inser.

179 2634 363 2679 προκρίνων
398 2635 438 2671 δὲ
470 2637 538 2670 τῶν
572 2634 606 2670 ἐν
642 2633 853 2678 λαμπρότητι
887 2619 1252 2677 κινδύνωνιῶᾼῄἠῃαε
1275 2638 1315 2667 N.
1343 2638 1397 2668 27.
1428 2637 1595 2676 Imprimis
1618 2636 1658 2667 cf.
1684 2645 1712 2666 c.
1730 2637 1791 2667 83:
1817 2635 1950 2666 classem

180 2690 242 2736 τὴν
274 2690 307 2727 ἐν
333 2690 485 2732 ἰδιώταις
518 2689 716 2736 ἀσφάλειαν.
740 2710 786 2717 --
819 2690 964 2735 Corbulo]
996 2692 1048 2723 De
1082 2705 1097 2726 e
1131 2695 1232 2726 Ponto
1266 2694 1457 2733 Byzantium
1492 2693 1586 2732 adiyi
1615 2693 1760 2724 iusserat.
1795 2709 1838 2715 —-
1877 2695 1949 2722 ante

183 2751 397 2791 Corbulonis,
432 2751 601 2782 fortissimi
625 2750 735 2790 ducis,
769 2760 848 2782 nece
874 2759 893 2781 a
917 2750 1048 2780 Nerone
1083 2749 1196 2794 omnis]
1224 2760 1312 2790 „qua
1335 2750 1486 2782 omnibus
1510 2750 1713 2780 antecellis.“
1750 2749 1791 2780 cf.
1817 2748 1949 2780 Curtius

182 2807 343 2848 imperata
365 2812 477 2840 narrat
500 2809 565 2839 Dio
590 2809 717 2848 63,17.
765 2808 850 2838 Eum
874 2816 948 2839 sero
972 2815 1048 2846 poe·
1084 2811 1116 2849 6,
1142 2811 1173 2848 6,
1200 2809 1242 2840 19
1278 2811 1351 2839 ante
1385 2816 1489 2838 omnes
1521 2811 1676 2846 maestus,
1715 2807 1745 2845 7,
1772 2808 1801 2844 1,
1827 2807 1847 2837 3
1877 2810 1949 2836 ante

184 2865 282 2897 nituit
303 2866 517 2906 „pepercisse
533 2866 592 2897 tali
609 2865 831 2897 citharoedo.“
857 2882 899 2888 -
926 2863 1049 2895 Galbae
1083 2875 1187 2898 omnes
1210 2865 1343 2896 amicus.

184 2920 270 2966 odio]
289 2923 386 2963 „odio
398 2923 537 2954 militum
549 2923 708 2955 adversus
723 2921 895 2953 Galbam.“
912 2922 1048 2952 Dunnn.

186 2996 230 3003 —
252 2989 292 3011 ne
317 2980 464 3012 Othonem
487 2978 623 3024 quidem]
662 2981 792 3020 negatio
817 2989 889 3011 cum
921 2978 1050 3019 partiei-
1139 2981 1193 3012 77.
1239 2977 1429 3018 triumphale
1466 2977 1588 3017 nomen]
1638 2976 1728 3008 Suet.
1767 2977 1866 3017 Vesp.
1910 2978 1949 3008 4:

186 3036 241 3075 pio
265 3040 390 3068 tantum
413 3038 577 3078 iungenda
600 3041 650 3070 est
672 3051 718 3065 =
741 3037 791 3069 vel
816 3037 964 3068 Othonem
987 3044 1051 3065 non
1086 3036 1223 3068 Claudio
1251 3036 1398 3076 principe
1423 3053 1464 3058 —
1488 3035 1522 3065 in
1545 3034 1750 3065 Britanniam
1774 3034 1950 3065 translatus

167 3109 232 3131 ,-
255 3092 379 3125 victum.
419 3095 458 3126 ef.
483 3105 511 3126 c.
531 3098 574 3128 63
604 3105 662 3127 nec
694 3095 767 3127 ullis
791 3112 836 3118 —
854 3093 1051 3135 probationi-
1085 3094 1192 3125 tricies
1228 3103 1297 3124 cum
1329 3094 1414 3123 hoste
1450 3092 1592 3131 conflixit
1604 3102 1618 3130 ;
1642 3109 1685 3114 —
1710 3100 1810 3130 quare
1840 3092 1950 3122 trium-

188 3149 255 3181 bua.
279 3167 324 3174 —
357 3160 465 3182 novem
495 3150 645 3196 leqionee]
681 3153 714 3184 in
745 3152 866 3184 Iudaea
899 3156 966 3182 tres
997 3150 1050 3193 (V.
1080 3150 1201 3191 phalia
1231 3153 1416 3181 ornamenta
1447 3152 1477 3179 et
1509 3148 1542 3179 in
1575 3147 1664 3179 brevi
1696 3149 1799 3188 spatio
1836 3148 1952 3188 duplex

188 3207 420 3247 Macedonica,
445 3208 487 3239 X.
511 3210 700 3249 Fretensis,
726 3210 798 3240 XV.
822 3209 1052 3249 Apollinaris),
1087 3208 1299 3240 sacerdotium
1336 3205 1466 3245 accepit.
1507 3223 1551 3228 —
1597 3204 1688 3245 apud
1727 3203 1950 3247 Germanicos]

188 3263 222 3293 in
247 3262 342 3304 Syria
364 3268 516 3302 quattuor
540 3265 612 3309 (IV.
636 3266 799 3307 Scythica,
825 3267 879 3297 VI.
904 3266 1050 3302 Ferrum,
1088 3270 1175 3304 tunc,
1199 3274 1272 3296 cum
1289 3263 1510 3303 Vespasianus
1533 3262 1655 3301 leqatue
1670 3261 1802 3301 legionis
1818 3263 1853 3293 in
1870 3262 1950 3293 Ger-

190 3319 267 3351 Xll.
286 3320 483 3362 Fulminata,
509 3323 571 3355 111.
588 3322 727 3364 Gallica,
754 3325 795 3355 cf.
814 3334 841 3355 c.
861 3324 902 3354 74
927 3323 1052 3353 tertiam
1087 3323 1229 3354 maniam
1244 3321 1358 3352 mieaua
1376 3323 1464 3351 estet.
1496 3318 1583 3351 Suet.
1601 3319 1679 3350 ibid.
1714 3319 1803 3350 Idem
1827 3319 1891 3350 Tit.
1910 3321 1950 3349 4:

188 3377 348 3416 legionem,
372 3379 459 3417 quod
479 3389 495 3409 e
518 3379 618 3418 Syria
641 3380 675 3411 in
698 3381 853 3413 Moesiam
876 3381 1052 3416 transisset,
1093 3379 1250 3410 Tribunus
1272 3378 1405 3408 militum
1430 3375 1617 3418 (septimum
1634 3379 1666 3408 et
1681 3376 1871 3407 vicesimum
1896 3385 1952 3405 an-

191 3444 280 3465 nuam
303 3435 522 3477 numerabat),
548 3437 580 3468 in
605 3437 756 3478 Aegypto
782 3439 864 3469 duae
889 3438 961 3480 (111.
990 3437 1053 3477 Cy·
1088 3446 1165 3468 num
1196 3433 1311 3477 agens)
1343 3439 1372 3466 et
1395 3434 1428 3468 in
1454 3433 1631 3465 Germania
1661 3437 1689 3464 et
1720 3432 1755 3464 in
1780 3431 1952 3463 Britannia
