2176 3672
134 1062 259 1106 quam
290 1050 409 1094 scire.

877 239 980 298 Cap.
1003 241 1074 284 33.
1096 241 1166 283 34.

1854 244 1909 285 63

1 359 48 414 :bs
63 332 335 420 ''yffiqssiaeque'
373 358 520 412 gentes
567 342 688 396 haud·
722 353 891 410 perinde
936 358 1210 409 memoratae3
1257 368 1282 396 a
1327 353 1462 396 fronte
1507 353 1630 396 Frisii
1683 355 1907 412 excipiunt.

136 431 359 476 maioribus
397 430 711 489 minonhusque
723 429 869 473 Frisiis
901 431 1144 474 vocabulum
1181 435 1247 474 est
1277 445 1332 474 ex
1362 431 1485 474 modo
1515 431 1674 474 virium.
1706 436 1907 489 utraeque

16 501 59 552 ³³5²
77 516 116 545 .·
136 489 487 565 nationes-usque
517 507 570 551 ad
601 507 816 551 Oceanum
845 507 995 551 Rheno
1036 513 1358 565 praetexuntur,
1390 508 1655 566 ambiuntque
1685 509 1909 552 immensos

131 566 309 644 insuper
337 584 449 629 lacus
481 589 524 628 et
553 585 752 628 Romanis
784 585 982 628 classibus
1003 586 1231 642 navigatos.
1261 586 1399 643 ipsum
1429 586 1527 642 quin
1554 586 1678 629 etiam
1699 586 1910 629 Oceanum

91 713 93 715 ξ
135 660 208 711 illa
244 663 549 720 temptavimus.
592 667 635 705 et
675 676 896 720 superesse
937 663 1070 706 adhuc
1099 663 1290 706 Herculis
1331 663 1539 706 columnas
1570 663 1678 707 fama
1714 664 1936 720 volgavit,⁵

112 720 224 791 'sive
268 739 368 784 adiit
396 740 600 783 Hercules
615 773 626 794 ‚
663 753 740 783 seu
769 740 959 797 quicquid
1000 737 1149 798 ubique
1189 741 1447 797 magnificum
1490 745 1555 783 est
1602 741 1644 783 in
1685 741 1910 784 claritatem

68 822 122 853 z.
136 815 225 861 'eius
265 816 424 862 referre
466 818 763 860 consensimus.
811 831 888 860 nec
936 817 1066 860 defuit
1106 817 1299 861 audentia
1337 817 1476 859 Druso
1518 817 1787 861 Germanico:

137 893 295 938 obstitit
339 894 552 939 Oceanus,
576 895 619 937 in
665 909 710 937 se
757 895 877 937 simul
922 899 1045 952 atque
1091 895 1134 937 in
1180 894 1404 937 Herculem
1434 895 1594 951 inquiri.
1641 909 1742 938 mox
1785 908 1908 938 nemo

6 966 18 971 ⁴⁷
66 951 75 998 Ῐ
134 972 371 1031 temptavit,
418 973 678 1029 sanctiusque
719 986 767 1015 ac
810 972 1068 1015 reverentius
1114 973 1248 1015 visum
1293 971 1345 1015 de
1386 972 1487 1015 actis
1529 972 1699 1015 deorum
1739 972 1907 1015 credere

1835 817 1910 861 sed

1910 1072 1943 1096 10

239 1205 267 1233 1.
286 1201 383 1244 frisii
402 1204 442 1235 A.
461 1202 557 1245 frisii
580 1206 618 1237 B.
639 1201 743 1244 frisci
769 1203 804 1234 C.
828 1219 864 1225 --
888 1204 917 1234 2.
929 1200 1041 1244 frisiis
1067 1203 1105 1233 B.
1130 1200 1227 1242 frisis
1249 1203 1288 1233 A.
1316 1201 1435 1247 frist-is
1465 1203 1499 1233 C.
1516 1219 1554 1225 —-
1579 1205 1607 1232 5.
1629 1201 1805 1234 temnimus
1826 1204 1855 1234 A
1870 1204 1907 1234 Β.

135 1238 336 1287 tenuavir'nus
358 1256 394 1288 O.
417 1274 455 1279 —
477 1240 626 1300 caleavit
653 1242 730 1291 Ac.
752 1255 904 1299 vulgavit
930 1257 967 1287 Β.
991 1244 1029 1278 -’
1051 1258 1080 1287 6.
1103 1253 1268 1297 quiequid
1288 1257 1326 1287 A.
1354 1255 1631 1305 —Wmaqnifi'cum
1645 1257 1671 1286 B
1692 1257 1726 1287 O.
1749 1266 1906 1300 magnum

113 1302 121 1310 ”
135 1316 246 1350 margo
259 1309 297 1341 B.
317 1318 462 1352 magnus
475 1311 515 1342 A.
538 1328 575 1334 —
591 1314 620 1343 9.
641 1311 814 1355 temptavit
834 1312 872 1343 A.
895 1308 1037 1341 tentavit
1057 1310 1083 1340 B
1097 1309 1133 1341 C.

129 1449 259 1496 suarii]
280 1465 366 1496 pone
385 1457 558 1491 Bructeros
579 1461 620 1491 ad
642 1459 753 1493 Hunte
775 1465 807 1493 et
830 1458 920 1492 Hase
934 1460 994 1491 flu-

132 1501 227 1534 mina.
268 1503 369 1535 Zeuss
383 1497 427 1535 D:
446 1510 479 1545 p.
501 1509 570 1545 113,
585 1509 685 1540 Ukert
702 1507 741 1540 G.
753 1520 783 1550 p.
797 1511 866 1541 390.
881 1508 995 1539 Strabo

133 1551 163 1589 7,
193 1559 226 1590 p.
247 1552 307 1582 292
328 1546 620 1596 Χαττουαρίους
642 1560 797 1588 memorat
825 1558 908 1587 inter
939 1564 995 1587 eos

130 1596 284 1638 populos,
317 1599 357 1630 de
392 1601 507 1640 quibus
538 1603 746 1635 Germanicus
780 1606 995 1645 triumphavit.

129 1642 198 1676 Hos
218 1653 278 1685 pro
299 1646 413 1678 iisdem
433 1648 533 1680 habet
554 1653 650 1691 atque
674 1653 780 1683 Taciti
802 1653 996 1685 Chasuarios

129 1690 233 1724 Ukert
251 1692 272 1723 1.
293 1694 325 1732 1.,
346 1695 387 1725 ab
408 1695 448 1726 iis
470 1706 528 1727 suo
550 1698 618 1729 iure
650 1699 822 1740 distinguit
845 1702 928 1732 Zeus
950 1699 995 1732 D.

129 1747 162 1778 p.
189 1739 260 1770 100.
303 1741 470 1774 ORELLI.
501 1744 551 1775 De
588 1742 791 1778 Chasuariis
825 1749 866 1779 cf.
900 1750 996 1780 etiam

130 1785 155 1816 1.
170 1786 292 1818 (h'imm
318 1789 357 1819 G.
371 1790 411 1820 D.
433 1791 465 1821 S.
489 1794 549 1823 623
572 1796 604 1823 et
627 1795 820 1826 Miillenhoff
838 1797 872 1827 Z.
895 1797 934 1827 D.
956 1797 995 1827 A.

41 1859 70 1883 Α.)
129 1831 194 1872 1x,
225 1835 296 1865 252.
339 1836 422 1867 Num
459 1839 538 1870 satIs
570 1844 718 1872 accurate
740 1852 850 1874 eorum
877 1854 995 1875 nomen

131 1880 176 1912 ita
209 1882 396 1922 explicetur,
420 1886 456 1915 ut
494 1887 654 1927 significet
690 1887 820 1921 Hasam
853 1890 995 1931 fluvium

22 1946 27 1953 2
131 1925 337 1967 accolentes,
369 1932 397 1962 si
429 1942 484 1971 ea,
521 1944 603 1974 quae
624 1937 819 1968 Miillenhoff
846 1940 868 1969 l.
890 1941 910 1970 1.
933 1943 995 1972 240

130 1976 295 2014 exposuit,
334 1981 550 2020 reputaveris,
595 1983 730 2014 forsitan
775 1986 911 2018 dubites.
956 2006 993 2011 —

131 2018 227 2053 haud
243 2022 386 2063 perinde
401 2031 616 2069 memoratae]
633 2029 750 2070 (nicht
763 2031 992 2074 sandei-liele).

131 2067 297 2105 OBELLI.
326 2071 374 2102 cf.
404 2074 597 2107 Hunenhofl·
625 2078 658 2108 Ζ.
691 2079 730 2108 D.
762 2080 801 2110 A.
833 2081 899 2118 IX,
931 2085 992 2113 233

131 2115 188 2165 (1¹¹¹.
223 2116 300 2148 dicit
333 2119 392 2151 has
428 2125 542 2161 gentes
584 2134 758 2165 occupasse
795 2122 836 2156 ἐν
877 2120 992 2164 βάθει

131 2167 280 2206 κωραν,
323 2175 387 2206 quo
425 2169 673 2210 Sugambrorum
709 2168 933 2207 coniunctione
972 2188 992 2208 a

129 2208 282 2243 Romanis
303 2212 458 2263 dissoluta
474 2217 632 2250 Strabone
654 2223 784 2252 auctore
807 2225 918 2263 populi
940 2235 990 2256 re-

129 2255 246 2296 llquiae
266 2255 442 2304 καθαπερ
454 2259 608 2308 Μαρσοὶ
633 2276 667 2298 se
688 2270 876 2309 receperint.
896 2272 991 2303 Haud

129 2301 224 2335 dubie
236 2305 297 2338 hae
309 2312 423 2348 gentes
445 2315 537 2343 erant
556 2314 755 2347 Istuaeones.
772 2334 808 2338 ——
826 2326 848 2348 a
859 2318 988 2360 fronte]

127 2348 276 2383 Rhenum
295 2363 421 2395 versus,
444 2368 508 2398 quo
530 2369 631 2400 usque
654 2362 695 2393 ad
711 2363 876 2395 Oceanum
896 2376 988 2406 prae-

128 2397 280 2431 texuntur
310 2403 424 2435 Frisii:
456 2406 541 2438 unde
571 2410 714 2449 sequitur
742 2411 887 2444 Romano
910 2415 988 2445 scri-

127 2445 211 2482 ptori
232 2455 256 2477 a
277 2450 369 2492 teryo
391 2461 466 2484 esse
481 2454 642 2495 Visurgim
658 2457 725 2488 sive
739 2457 902 2490 Orientem
916 2471 987 2492 ver-

7 2491 17 2501 *
71 2511 74 2513 -
127 2500 193 2524 sus.
213 2493 319 2528 Bscn.
343 2515 381 2521 —-
404 2497 529 2541 Frisii]
556 2503 605 2534 De
627 2504 677 2535 his
699 2505 795 2536 silent
817 2507 935 2539 Caesar
956 2513 989 2540 et

128 2537 254 2580 Strabo,
285 2545 343 2575 sed
364 2539 449 2586 ‘post
479 2548 620 2580 Plinium
653 2554 682 2589 4,
717 2554 754 2582 15
795 2554 924 2587 Tacitus
954 2558 986 2587 in

126 2586 304 2622 Annalibus
324 2593 492 2634 aliquoties
513 2599 546 2628 et
556 2598 637 2629 Hist.
660 2601 689 2635 4,
714 2602 750 2630 15
766 2610 876 2632 eorum
897 2613 986 2635 men-

127 2635 245 2668 tionem
275 2638 361 2670 facit.
419 2642 458 2673 In
489 2644 559 2675 Iulii
592 2646 735 2677 Africani
768 2648 872 2680 Gestis
904 2652 987 2682 inter

125 2682 369 2718 Mathematicus
397 2692 473 2720 vett.
506 2701 526 2722 a
557 2693 698 2733 Rigaltio
731 2696 869 2735 vulgatis
899 2697 933 2728 C.
956 2700 985 2728 3.

126 2739 156 2770 p.
179 2733 256 2764 290:
281 2728 538 2774 ἐσεμνύνοντο
562 2736 765 2783 Φαρισαῑοί
790 2749 879 2772 ποτε
894 2736 986 2773 Ῥω-

124 2775 250 2816 μαίων
273 2775 565 2824 ἀποκτείναντες
598 2780 782 2830 φάλαγγα
814 2792 985 2823 Hemster-

125 2825 235 2859 husius
255 2829 427 2870 legendum
449 2834 529 2865 vidit
551 2830 737 2877 Φρισαῖοι.
767 2839 873 2879 Atque
903 2840 986 2871 idem

125 2874 306 2908 etiamnunc
326 2887 442 2910 nomen
464 2882 612 2913 retinent.
653 2884 703 2915 De
725 2885 881 2916 divisione
904 2888 986 2918 inter

125 2920 270 2953 maiores
302 2924 512 2969 minoresque
549 2939 642 2961 nemo
682 2934 809 2970 praeter
841 2933 985 2964 Tacitum

125 2969 228 3001 uadit.
246 2971 411 3005 ORELLI.
434 2975 535 3007 Zeuss
546 2977 584 3006 D.
600 2979 669 3015 136,
685 2981 745 3009 cet.
762 2980 865 3010 Ukcrt
877 2981 984 3011 Germ.

124 3018 197 3055 887,
223 3018 248 3048 1.
279 3020 398 3052 Grimm
427 3023 466 3053 G.
493 3023 532 3053 D.
563 3024 594 3054 S.
623 3027 694 3064 669,
723 3028 794 3063 679,
823 3029 892 3057 775.
936 3029 983 3058 De

124 3060 314 3096 Frisiorum
336 3070 472 3101 nominis
494 3072 525 3100 vi
548 3081 656 3103 sumus
677 3074 789 3104 incerti
818 3084 856 3104 ac
879 3075 984 3105 taedet

124 3120 207 3151 quae
228 3115 315 3145 varie
337 3117 488 3155 suspicati
510 3122 584 3149 sunt
606 3119 646 3150 de
669 3111 708 3151 08
732 3122 768 3150 V.
792 3121 831 3151 D.
853 3130 982 3151 accura-

124 3159 186 3194 tius
214 3169 386 3200 exponere.
430 3164 478 3195 Of.
507 3166 552 3196 sis
586 3170 714 3206 praeter
753 3169 842 3199 locos
870 3170 983 3199 citatos

124 3205 253 3245 Grimm,
266 3209 346 3240 thes.
359 3207 472 3242 Theot.
488 3222 514 3243 s.
530 3223 570 3251 v.,
581 3216 678 3254 atque
689 3215 869 3246 Ettmiilleri
884 3216 983 3254 gloss.

123 3253 298 3294 Anglosax.
321 3266 346 3287 s.
368 3259 471 3290 v..A‹1
499 3260 756 3293 distributionem
785 3263 818 3293 in
847 3263 984 3293 maiores

122 3301 324 3344 minoresque
355 3306 469 3338 factam
500 3309 660 3340 nominum
688 3311 873 3340 varietatem
902 3307 983 3339 Fra·-

1043 1456 1075 1488 F
1074 1457 1291 1489 risaevonum
1313 1461 1460 1498 spectare
1482 1461 1598 1498 putant
1611 1460 1712 1490 Zeuss
1726 1462 1759 1490 et
1774 1459 1904 1490 Grimm.

1043 1506 1165 1536 Frisios
1187 1515 1226 1536 ac
1255 1506 1402 1536 Chaucos
1423 1506 1643 1546 Inguaeonum
1671 1515 1742 1538 esse
1769 1510 1905 1539 constat.

1045 1570 1082 1575 ——
1117 1551 1229 1593 lacus]
1263 1554 1366 1584 Melae
1395 1555 1431 1591 3,
1460 1555 1494 1583 2:
1525 1551 1638 1584 Flevo.
1667 1555 1750 1585 Plin.
1778 1558 1813 1593 4,
1849 1558 1903 1586 15:

1044 1598 1181 1631 Rhenus
1203 1598 1246 1639 ab
1269 1599 1496 1642 septentrione
1523 1600 1559 1631 in
1581 1598 1679 1632 lacus
1700 1611 1735 1632 se
1761 1602 1906 1644 sparqic,

1043 1657 1128 1679 nunc
1150 1649 1304 1679 collectos
1325 1650 1359 1678 in
1381 1645 1584 1689 Zuyderzee.
1608 1649 1674 1679 Cfr.
1696 1650 1780 1680 Anu.
1805 1653 1832 1687 1,
1855 1652 1904 1688 60,

1043 1695 1126 1725 Ann.
1149 1689 1178 1733 2,
1201 1698 1230 1726 8.
1253 1697 1398 1736 Respicit
1419 1699 1525 1727 autem
1552 1696 1594 1726 ad
1622 1697 1843 1736 expeditiones
1873 1704 1906 1728 et

1043 1743 1140 1773 Drusi
1162 1747 1194 1774 et
1209 1744 1399 1774 Germanici.
1423 1760 1460 1766 —
1479 1741 1651 1774 Oceanum
1672 1742 1735 1775 illa
1756 1748 1903 1786 tempea-

1043 1789 1164 1832 vimus]
1192 1792 1388 1822 Referuntur
1417 1792 1498 1822 haec
1528 1792 1571 1822 ad
1590 1793 1686 1823 Drusi
1708 1796 1763 1823 aut
1785 1793 1903 1824 Tiberii

1043 1838 1298 1877 expeditionem,
1329 1839 1369 1869 de
1401 1848 1463 1878 qua
1488 1849 1518 1869 v.
1550 1839 1584 1869 C.
1620 1841 1647 1869 1.
1678 1857 1716 1861 -
1746 1837 1903 1871 Hercul-is

1044 1883 1234 1926 columnas}
1263 1887 1406 1917 Fuerunt
1427 1886 1572 1926 quidem,
1603 1888 1656 1926 qui
1685 1888 1746 1918 hoc
1777 1897 1903 1928 quoque

1042 1933 1114 1963 loco
1137 1933 1177 1963 de
1196 1933 1296 1964 heroe
1318 1934 1425 1973 aliquo
1457 1934 1687 1964 Germanorum
1714 1936 1902 1975 cogitarent,

1044 1980 1163 2010 Grimm
1186 1981 1223 2011 G.
1246 1981 1285 2011 D.
1309 1981 1341 2011 S.
1363 1983 1420 2011 591
1462 1981 1502 2011 110
1524 1982 1694 2020 Hugilaico
1716 1983 1793 2013 facit
1812 1993 1901 2013 men-

1043 2027 1177 2065 tionem,
1209 2029 1299 2058 cuius
1331 2038 1405 2059 ossa
1440 2029 1473 2058 in
1493 2029 1599 2060 Rheni
1628 2029 1767 2060 fluminis
1798 2031 1902 2061 insula

1042 2090 1079 2095 —
1102 2078 1264 2106 reservata
1288 2092 1325 2097 --
1349 2076 1389 2107 de
1418 2076 1596 2116 longinquo
1618 2078 1820 2117 yenientibus
1842 2088 1901 2118 pro

1041 2121 1193 2152 miraculo
1217 2125 1343 2154 ostenta
1364 2124 1436 2160 sint,
1449 2126 1481 2154 et
1503 2124 1617 2155 deinde
1630 2126 1768 2163 quaerit:
1789 2126 1900 2156 hatten

1041 2169 1142 2199 schon
1165 2169 1216 2199 die
1238 2170 1357 2200 Riimer
1384 2171 1436 2201 bei
1459 2170 1522 2201 den
1543 2171 1676 2202 Friesen
1696 2181 1760 2202 von
1781 2172 1899 2204 diesem

1039 2215 1157 2246 helden
1178 2217 1309 2256 gehiirt,
1331 2227 1396 2248 was
1420 2218 1466 2249 sie
1488 2218 1546 2248 auf
1563 2219 1718 2249 Hercules
1739 2220 1806 2250 und
1826 2220 1899 2251 des-

1039 2271 1096 2293 sen
1118 2264 1229 2294 seulen
1250 2264 1292 2294 im
1315 2264 1462 2296 Oceanus
1483 2265 1697 2296 anwandten?
1718 2266 1838 2307 Rieger
1864 2268 1899 2298 Z.

1038 2310 1077 2340 D.
1098 2310 1136 2340 A.
1158 2311 1216 2348 XI,
1240 2313 1298 2342 183
1321 2321 1369 2351 sq.
1401 2312 1442 2343 110
1463 2313 1572 2343 Irmini
1594 2314 1714 2352 cogitat
1734 2315 1898 2346 columnis.

1037 2357 1137 2388 Multo
1159 2359 1225 2388 veri
1248 2359 1380 2389 similius
1402 2361 1451 2390 est
1459 2360 1596 2391 (amam
1622 2361 1673 2391 vel
1708 2363 1825 2392 temere
1848 2362 1899 2393 hic

1037 2413 1163 2444 quoque
1185 2406 1331 2436 Herculis
1353 2407 1515 2438 columnas
1538 2407 1724 2445 collocasse,
1738 2409 1790 2439 vel
1801 2410 1898 2449 origi-

1036 2460 1110 2482 nem
1132 2452 1247 2483 ducere
1268 2463 1289 2484 a
1315 2454 1448 2492 rupibus
1470 2463 1487 2485 e
1509 2455 1588 2484 mari
1617 2456 1816 2487 exstantibus
1844 2460 1900 2487 aut

1036 2501 1262 2538 promunturiis
1284 2510 1302 2531 e
1316 2501 1492 2541 longinquo
1509 2501 1671 2541 dispectis.
1684 2520 1721 2524 —
1739 2502 1897 2544 sive-seu]

1035 2546 1084 2576 De
1107 2548 1208 2578 Taciti
1230 2557 1291 2579 usu
1311 2550 1541 2588 particularum
1555 2548 1624 2579 sive
1637 2566 1650 2572 -
1663 2549 1732 2580 sive
1748 2554 1781 2580 et
1796 2550 1865 2582 sice
1879 2569 1897 2574 —

1034 2603 1093 2624 seu
1116 2596 1155 2625 cf.
1169 2596 1324 2634 Wiflfflin,
1346 2597 1427 2626 Phil.
1450 2599 1500 2634 25,
1524 2599 1592 2627 123.
1610 2614 1646 2619 --
1670 2595 1795 2628 obstitit
1811 2596 1896 2628 Oce-

1035 2649 1124 2672 anus
1148 2644 1223 2682 cet]
1259 2644 1366 2674 Facile
1395 2645 1428 2674 in
1456 2645 1505 2674 his
1526 2654 1684 2684 agnoscas
1706 2646 1897 2677 rhetoricum

1036 2691 1193 2727 colorem,
1227 2700 1290 2730 quo
1324 2691 1356 2720 in
1385 2694 1451 2722 toto
1473 2692 1504 2721 h.
1527 2692 1547 2721 1.
1570 2692 1768 2723 abundanter
1789 2694 1896 2724 utitur.

1036 2737 1144 2768 Simile
1176 2738 1253 2768 illud
1288 2739 1387 2768 Cestii
1424 2739 1645 2770 declamatoris
1676 2740 1717 2770 ad
1749 2741 1895 2771 Alexan—

1035 2784 1125 2815 drum
1139 2785 1225 2824 apud
1237 2785 1390 2816 Senecam
1415 2786 1542 2816 Suasor.
1576 2789 1602 2823 1,
1623 2796 1657 2825 p.
1681 2790 1699 2817 9
1720 2787 1779 2817 Ε11.
1800 2790 1894 2819 1672:
1952 2820 1955 2824 s

1033 2829 1159 2862 Fremit
1174 2830 1343 2869 Oceanus,
1361 2832 1462 2874 quasi
1474 2831 1669 2875 indlqneeur
1684 2833 1773 2875 quod
1783 2838 1894 2866 terras

1034 2877 1219 2920 relinquas.
1226 2897 1259 2901 —-
1267 2877 1377 2909 Druso
1389 2878 1550 2910 Germani
1553 2881 1606 2920 co]
1614 2881 1699 2912 Raro
1707 2883 1737 2912 ei
1749 2880 1893 2913 Germa-

1034 2925 1105 2956 nic-i
1132 2936 1310 2966 cognomen
1333 2928 1496 2965 tribuitur,
1519 2937 1707 2968 quamquam
1736 2931 1764 2960 ei
1787 2930 1892 2961 datum

1033 2978 1083 3004 est
1103 2984 1123 3005 a
1146 2978 1269 3005 senatu.
1291 2975 1377 3005 Flor.
1401 2977 1429 3012 4,
1456 2978 1503 3012 12,
1525 2978 1576 3013 28,
1600 2976 1714 3007 Strabo
1733 2980 1762 3014 7,
1779 2988 1808 3017 p.
1822 2980 1892 3014 291,

1033 3022 1090 3052 0011
1122 3022 1173 3052 hic
1206 3022 1245 3052 ad
1279 3025 1424 3053 ornatum
1447 3023 1603 3062 pertinet,
1634 3025 1725 3064 quasi
1759 3025 1893 3056 dixisset

1035 3071 1171 3109 „alioqui
1205 3070 1351 3100 domitori
1389 3071 1609 3109 Germaniae“,
1642 3076 1676 3102 ut
1705 3082 1777 3102 eum
1802 3077 1892 3103 vocat

1032 3118 1155 3147 Florus.
1210 3118 1381 3157 Pei-peram
1419 3119 1562 3148 nonnulli
1601 3119 1816 3149 distraxerunt
1849 3120 1891 3149 ita

1033 3163 1164 3199 Druso,
1206 3163 1427 3202 Germanico,
1460 3169 1494 3196 ut
1531 3167 1765 3206 significaretur
1797 3168 1890 3196 etiam

1032 3212 1127 3242 Drusi
1161 3212 1253 3242 filius.
1286 3230 1321 3234 -—
1350 3221 1428 3242 moa:
1464 3222 1558 3242 nemo
1591 3212 1776 3255 temptavit]
1813 3214 1888 3249 „His

1033 3260 1131 3298 ipsius
1154 3260 1255 3290 Taciti
1279 3260 1317 3289 de
1341 3260 1596 3299 expeditionibus
1620 3260 1799 3290 Germanici
1816 3268 1887 3289 uar-

1032 3307 1171 3338 rationes
1200 3311 1389 3348 repugnant.
1421 3308 1504 3338 Ann.
1533 3310 1563 3343 2,
1585 3310 1613 3338 6.
1637 3309 1706 3337 28“.
1738 3308 1886 3337 ΡΑεεον.

122 3347 250 3380 ‚iorum
272 3354 304 3382 et
326 3348 566 3385 Frisiabonum
599 3354 883 3396 (Fresiawnum)
917 3357 983 3387 sive
1033 3355 1147 3385 Verum
1171 3355 1229 3386 hae
1252 3358 1342 3388 erant
1364 3364 1448 3385 mere
1473 3356 1633 3391 militares,
1655 3354 1811 3384 Drusiana
1834 3353 1884 3383 illu
