2176 3672
780 260 951 304 LIBER
979 261 1050 304 IV.
1109 263 1207 316 Cap.
1239 262 1277 306 3.
1308 263 1348 306 4.
1865 263 1945 306 461

178 371 242 426 (4)
263 372 439 416 miserat
461 377 506 417 et
525 373 749 418 Mucianus
771 375 976 430 epistulas
996 377 1051 419 ad
1072 380 1281 430 senatum,
1311 389 1421 431 quae
1442 377 1662 421 materiam
1684 377 1947 421 sermonibus

176 451 424 506 praebuere.
486 454 524 496 si
563 455 757 507 privatus
798 458 924 508 esset,
968 467 1042 498 cur
1080 455 1245 508 publice
1274 457 1549 512 loqueretur?
1577 458 1768 512 potuisse
1798 457 1945 501 eadem

174 543 335 587 paucos
355 536 457 585 post
475 532 573 576 dies·
587 534 680 576 loco
702 535 939 578 sententiae
959 535 1054 577 dici.
1113 535 1207 589 ipsa
1226 549 1394 591 quoque
1413 538 1637 580 insectatio
1666 538 1708 580 in
1729 538 1945 582 Vitellium

175 622 273 655 sera
323 616 368 654 et
416 613 507 656 sine
548 612 758 657 libertate.
817 614 861 656 id
901 626 1001 657 vero
1041 627 1142 669 erga
1181 628 1267 658 rem
1308 615 1517 670 publicam
1558 617 1800 671 superbum,
1843 629 1946 671 erga

173 691 406 745 principem
428 693 790 748 contumeliosum,
821 695 933 747 quod
953 694 997 737 in
1018 707 1143 737 manu
1166 708 1242 738 sua
1262 695 1395 739 fuisse
1415 698 1638 751 imperium
1659 698 1945 752 donatumque
1959 713 1978 743 5

173 769 439 825 Vespasiano
459 771 659 816 iactabat.
700 777 885 817 ceterum
905 774 1065 817 invidia
1085 775 1126 817 in
1148 775 1328 829 occulto,
1357 776 1546 819 adulatio
1567 777 1609 820 in
1631 780 1778 831 aperto
1799 781 1943 821 erant:

172 851 308 894 multo
337 863 432 895 cum
462 852 621 895 honore
651 853 873 896 verborum
896 854 1092 897 Muciano
1122 855 1396 909 triumphalia
1426 856 1479 898 de
1497 856 1607 899 bello
1637 857 1788 900 civium
1820 858 1942 900 data:

172 931 248 974 sed
268 932 311 974 in
335 931 552 976 Sarmatas
573 934 784 988 expeditio
804 932 1052 987 fingebatur.
1092 935 1306 978 adduntur
1326 935 1466 978 Primo
1490 936 1671 979 Antonio
1693 937 1942 990 consularia,

173 1010 367 1055 Cornelio
398 1013 534 1055 Fusco
565 1018 608 1057 et
639 1014 764 1056 Arrio
796 1013 909 1056 Varo
937 1015 1152 1068 praetoria
1182 1016 1375 1069 insignia.
1435 1028 1532 1058 mox
1562 1017 1665 1059 deos
1694 1028 1941 1070 respexere3

172 1091 343 1134 restitui
384 1092 639 1146 Capitolium
689 1093 861 1148 placuit.
931 1107 1064 1148 eaque
1115 1096 1256 1138 omnia
1275 1094 1493 1138 :Valerius
1534 1097 1746 1139 Asiaticus
1795 1096 1942 1139 consul
1959 1113 1998 1143 10

171 1171 421 1226 designatus
439 1172 624 1216 censuit:
646 1174 776 1216 ceteri
796 1173 914 1217 voltu
931 1187 1156 1229 manuque,
1177 1176 1318 1229 pauci,
1339 1175 1490 1229 quibus
1505 1177 1735 1229 conspicua
1754 1177 1942 1230 dignitas

173 1256 250 1294 aut
269 1252 484 1306 ingenium
505 1253 750 1297 adulatione
774 1255 1018 1308 exercitum,
1039 1255 1285 1308 compositis
1306 1254 1567 1298 orationibus
1582 1255 1939 1299 adsentiebantur.

170 1330 244 1374 ubi
294 1333 351 1374 ad
393 1332 636 1376 Helvidium
678 1332 869 1376 Priscum
912 1337 1153 1388 praetorem
1196 1335 1462 1388 designatum
1512 1341 1695 1389 ventum,
1733 1336 1942 1390 prompsit

169 1412 423 1456 sententiam
468 1416 517 1455 ut
551 1411 822 1456 honorificam
861 1413 904 1455 in
943 1412 1098 1456 bonum
1135 1414 1367 1468 principem
1400 1434 1424 1456 ἦε
1454 1433 1479 1456 41·
1511 1413 1620 1458 falsa
1659 1414 1856 1468 aberant,
1897 1420 1941 1459 et

309 1576 322 1603 1
349 1575 441 1613 eplas
465 1585 535 1605 eum
550 1574 667 1605 lineola
681 1574 716 1605 in
730 1575 790 1607 lioe.
815 1577 827 1606 l
919 1578 1052 1606 senatus
1075 1574 1105 1619 (s
1122 1576 1182 1607 del.
1203 1575 1265 1618 lm)
1358 1579 1379 1609 4
1404 1579 1441 1608 re
1464 1587 1495 1617 p.
1591 1578 1609 1607 6
1635 1580 1705 1608 erat
1722 1577 1758 1614 (n
1783 1585 1937 1616 superscr.

169 1617 233 1659 lm)
395 1623 412 1651 7
466 1621 587 1651 civium
644 1619 802 1651 Walther:
840 1621 955 1652 ciuilifi
997 1621 1099 1662 (ciuili
1140 1620 1214 1662 det.)
1376 1626 1394 1655 9
1431 1633 1604 1662 respexere
1643 1624 1735 1654 dett..-
1785 1620 1935 1662 resperel

169 1666 211 1697 13
251 1665 419 1697 adeluidiu
450 1667 485 1707 (h
530 1676 688 1706 ευμεν-εον.
729 1665 793 1707 lm)
925 1669 967 1699 14
1001 1672 1036 1698 ut
1069 1677 1129 1699 om.
1162 1667 1192 1699 b.
1318 1666 1454 1712 bonum]
1490 1678 1610 1700 novum
1643 1668 1742 1699 Halm
1865 1672 1940 1706 post

165 1711 349 1750 principem
373 1711 452 1743 add.
475 1712 521 1742 ita
544 1713 710 1751 Agricola,
743 1713 789 1744 ita
812 1713 1010 1744 adulationis
1043 1718 1208 1752 expertem
1232 1714 1374 1753 Lipsius,
1397 1715 1444 1746 ita
1469 1725 1528 1754 pro
1552 1725 1588 1745 re
1612 1715 1742 1754 publica
1774 1714 1939 1745 decoram.

165 1757 388 1789 adulationum
413 1759 570 1797 Heraeus,
592 1759 639 1789 ita
661 1759 813 1790 libertate
836 1759 999 1798 insignem
1026 1760 1150 1791 Meieer.
1945 1770 1954 1774 ·

211 1898 244 1929 4.
280 1908 337 1928 eur
361 1897 489 1937 publice
521 1897 711 1938 loquer-ebur]
749 1898 836 1929 idern
872 1899 940 1928 fere
977 1902 1037 1937 est,
1065 1898 1236 1928 Sarmatae
1271 1899 1426 1937 Daeique.
1464 1916 1508 1921 -—
1543 1908 1616 1929 mox
1650 1898 1723 1929 deos
1758 1893 1934 1938 respexere]

165 1955 253 1994 quod
288 1955 376 1994 apud
411 1955 477 1989 Cic.
514 1955 599 1995 Epp.
637 1957 691 1996 15,
726 1957 741 1985 1
783 1958 816 1986 et
852 1957 871 1986 9
912 1954 1038 1994 publico
1065 1965 1126 1985 non
1165 1955 1235 1986 sine
1259 1965 1372 1986 amara
1395 1956 1651 1994 reprehensione
1675 1958 1834 1984 memorat
1857 1956 1934 1982 tunc

165 2011 324 2051 scribet-05
357 2012 415 2043 sed
446 2015 556 2042 tamen
590 2012 715 2051 aliquid
750 2012 904 2052 amplius.
961 2021 1037 2042 nam
1064 2012 1250 2043 hominibus
1296 2012 1502 2051 posthabitos
1550 2021 1620 2042 esse
1669 2011 1756 2041 deos.
1808 2009 1934 2040 Gellius

165 2069 247 2100 illud
271 2069 380 2107 etiam,
405 2070 461 2109 qui
485 2079 550 2100 non
575 2070 741 2109 principes
766 2073 886 2108 essent,
920 2069 1035 2107 fecere,
1066 2070 1116 2105 14,
1143 2071 1174 2108 7,
1199 2071 1242 2101 9:
1275 2069 1380 2100 Varro
1406 2069 1495 2099 docet
1509 2069 1674 2100 immolare
1690 2067 1828 2098 hostiam
1839 2066 1934 2106 prinu

166 2126 208 2158 de
231 2126 328 2157 rebus
351 2135 372 2157 a.
395 2135 430 2157 se
459 2127 561 2164 gestis
585 2126 765 2157 scribentes
801 2126 842 2156 ad
875 2129 1035 2165 senatum,
1060 2126 1286 2166 auspicarique
1303 2126 1423 2163 debere,
1438 2126 1494 2164 qui
1508 2130 1650 2157 senatum
1665 2124 1831 2155 habiturus
1844 2126 1934 2160 enee,

165 2192 186 2213 a
219 2192 283 2222 quo
309 2183 399 2214 missi
433 2187 551 2215 essent.
607 2183 665 2214 sed
697 2183 866 2213 Mucianus
899 2191 977 2222 non,
1000 2185 1035 2212 ut
1071 2183 1108 2214 de
1139 2183 1291 2222 rebusque
1322 2183 1439 2213 divinis
1465 2182 1560 2222 prius
1592 2192 1688 2221 quam
1721 2180 1867 2212 humanis
1890 2179 1938 2210 ad

166 2240 378 2280 magistratus
402 2240 624 2280 provinciales
649 2240 810 2276 solebant,
836 2239 877 2270 de
900 2239 998 2270 rebus
1016 2248 1035 2268 a
1070 2245 1211 2271 senatum
1234 2239 1436 2279 referendum
1460 2249 1535 2270 esse.
1554 2239 1668 2268 Livius
1687 2240 1717 2274 5,
1736 2238 1794 2273 50,
1815 2240 1829 2267 1
1858 2234 1934 2279 (οα-

165 2306 202 2328 se
225 2297 327 2337 gestis
351 2297 539 2337 scripserat,
564 2298 619 2329 sed
644 2298 711 2328 alia
727 2297 769 2327 ad
785 2306 853 2327 rem
870 2296 1033 2335 publicam
1068 2297 1188 2341 millae)
1206 2299 1341 2329 omnium
1360 2298 1509 2336 primum,
1533 2301 1567 2327 ut
1590 2299 1661 2326 erat
1676 2293 1934 2334 diliyeneicsimus

165 2354 365 2394 pertinentia.
390 2355 507 2385 litteris
533 2355 719 2394 complexus
746 2357 825 2391 erat,
860 2362 943 2392 quae
964 2352 1033 2383 loco
1068 2355 1255 2395 religionum
1294 2355 1404 2389 cultor,
1445 2363 1526 2392 quae
1561 2352 1608 2382 ad
1644 2352 1719 2383 deos
1755 2349 1934 2382 inmortalis

165 2412 334 2443 sententiae
356 2410 456 2453 (idem
479 2422 518 2443 ac
536 2421 600 2452 pro
615 2411 769 2443 sententia
797 2413 883 2441 Ann.
904 2411 956 2448 15,
975 2407 1033 2452 74)
1064 2411 1273 2451 pertinebant,
1296 2411 1425 2442 rettudit.
1455 2408 1505 2453 (8)
1530 2410 1590 2440 His
1601 2409 1755 2449 peractis,
1780 2417 1861 2447 quac
1887 2407 1934 2438 ad

165 2477 277 2500 coram
299 2469 407 2500 dicere
432 2469 537 2500 cuivis
561 2469 703 2500 senatori
733 2467 864 2508 licebat,
893 2467 1034 2498 scribere
1069 2469 1142 2500 deos
1159 2468 1362 2508 pertinebant
1377 2485 1415 2490 —
1428 2472 1492 2498 tum
1517 2467 1636 2497 demum
1649 2483 1691 2489 -
1704 2466 1738 2496 in
1762 2465 1932 2496 contionem

165 2526 206 2556 nd
230 2530 377 2556 senatum
402 2535 466 2556 non
491 2526 554 2556 nisi
579 2526 741 2565 principes
758 2524 919 2555 solebant.
944 2525 1029 2556 Em«.
1068 2525 1215 2557 escendit.
1241 2543 1284 2548 —
1308 2525 1455 2556 Valerius
1480 2520 1657 2565 Asiaticus]
1683 2532 1783 2562 gener
1798 2521 1931 2552 Vitellii.

165 2599 209 2607 -—
233 2583 302 2614 ciue
323 2579 480 2626 libertate]
517 2583 593 2622 quia
616 2583 680 2613 iam
706 2582 830 2612 nullum
855 2591 875 2611 a
898 2581 1032 2612 Vitellio
1073 2586 1101 2621 1,
1127 2584 1179 2613 59.
1199 2600 1242 2606 —
1266 2581 1363 2625 voltu]
1388 2582 1470 2612 laete
1494 2584 1683 2610 annuentes.
1701 2597 1745 2602 —
1760 2575 1930 2622 manuque]

166 2640 350 2679 periculum
374 2640 527 2670 instabat.
554 2657 598 2662 —
621 2639 746 2670 invidia
762 2656 806 2661 —
830 2638 1032 2669 adulatio—
1068 2640 1152 2669 ratio
1188 2639 1389 2670 assentiendi
1414 2639 1448 2668 in
1483 2642 1600 2669 senatu
1633 2646 1714 2667 voce
1748 2641 1803 2667 aut
1826 2636 1930 2673 signo.

165 2694 270 2740 erant]
295 2696 415 2736 plurali
435 2697 546 2738 utitur,
571 2701 606 2727 ut
624 2698 708 2727 Anu.
737 2698 767 2733 2,
786 2696 828 2726 53
860 2695 1033 2726 avunculus
1068 2697 1163 2735 signo
1188 2696 1372 2736 dupliciter,
1408 2695 1548 2734 pedibus
1572 2697 1627 2724 aut
1651 2702 1758 2723 mauu.
1812 2692 1931 2731 pedum

165 2754 337 2793 Auoustuc,
359 2763 440 2784 avus
459 2753 617 2784 Antonius
641 2758 742 2784 erana
768 2753 809 2784 cf.
835 2752 1033 2792 Nipperdey-
1068 2754 1101 2783 iu
1127 2753 1327 2784 discessione
1357 2761 1455 2792 usus;
1482 2760 1597 2782 manus
1622 2750 1721 2781 etism
1736 2749 1770 2779 in
1787 2748 1932 2780 sessione

166 2810 332 2842 Andr-esen
355 2812 396 2842 ad
414 2813 499 2842 Anu.
520 2813 552 2851 2,
576 2813 632 2850 42,
657 2810 713 2841 nbi
731 2810 880 2849 exempla
895 2810 1032 2840 collecta
1068 2815 1124 2840 aut
1148 2811 1298 2848 statione,
1321 2819 1394 2839 cum
1424 2819 1462 2839 ea
1494 2812 1686 2847 exporrecta
1709 2806 1931 2845 significarent

167 2870 252 2900 sunt.
270 2885 314 2891 -
338 2868 377 2898 dc
400 2868 479 2899 bello
504 2868 630 2908 civium]
657 2877 765 2898 amare
789 2867 929 2897 dictum:
956 2876 1031 2896 nem
1070 2868 1166 2898 talem
1191 2867 1384 2898 sententiam
1410 2875 1445 2897 se
1469 2864 1662 2904 approbare.
1713 2863 1874 2902 Vopiscus
1897 2863 1930 2892 in

167 2932 232 2954 ncn
255 2924 319 2955 uisi
343 2925 383 2956 de
417 2926 534 2956 exteris
566 2925 718 2964 gentibus
752 2923 888 2954 devictis
920 2923 1029 2953 trium·
1069 2925 1176 2954 Aurel.
1205 2926 1264 2954 20:
1301 2922 1412 2953 deinde
1446 2922 1522 2952 aliis
1555 2930 1668 2951 manus
1686 2918 1931 2959 pemmatibus,

167 2980 262 3019 phari
286 2985 423 3020 poterat.
464 2982 585 3013 Lucan.
613 2982 726 3012 Phars.
749 2983 776 3017 1,
804 2981 865 3009 10:
898 2979 1032 3018 Cumque
1066 2980 1141 3012 aliis
1159 2980 1293 3020 pedibus
1326 2980 1358 3009 in
1396 2978 1563 3010 κπιοηιίαε
1591 2975 1740 3012 amnibus,
1771 2975 1931 3014 pler-inque

166 3035 302 3076 superba
346 3038 433 3075 foret
477 3039 626 3077 Babylon
674 3037 844 3077 spolianda
892 3037 1031 3076 tropaeis
1066 3036 1158 3068 verbo
1182 3034 1440 3067 consentientibus
1457 3034 1615 3065 eonditum
1639 3038 1684 3063 est
1705 3032 1736 3063 S.
1757 3031 1790 3062 C.
1808 3031 1933 3063 Seneca

168 3093 334 3131 Ausoniis,
369 3095 540 3134 umbraque
584 3100 707 3126 erraret
746 3093 882 3124 Crassus
918 3094 1028 3130 inulta,
1066 3095 1125 3133 Ep.
1155 3097 1181 3131 l,
1207 3094 1239 3132 8,
1265 3095 1302 3124 6:
1343 3102 1405 3123 mm
1438 3091 1546 3122 videor
1579 3090 1638 3121 tibi
1663 3089 1738 3129 plus
1767 3089 1929 3129 prodesse,

168 3151 262 3182 Bella
284 3152 354 3191 ucri
379 3152 503 3191 placuit
532 3152 635 3184 nullos
668 3150 1026 3190 habitura‘triumphoe.
1064 3161 1159 3188 quam
1182 3160 1251 3180 cum
1276 3166 1317 3172 —-
1352 3150 1386 3179 in
1422 3153 1531 3179 senatu
1562 3147 1735 3178 candidato
1768 3155 1871 3176 vocem
1903 3156 1932 3182 ος

168 3210 214 3240 sic
237 3218 263 3239 c.
290 3209 352 3239 ⁷2:
388 3208 501 3240 cinam
525 3209 613 3247 bello,
646 3209 837 3248 exquisitius
862 3208 1028 3247 aliquanto
1064 3218 1190 3238 manum
1213 3206 1467 3237 commodarem?
1491 3205 1582 3235 [αρε.
1601 3220 1641 3227 -
1664 3203 1757 3241 salsa
1780 3202 1930 3249 aberant]

168 3274 266 3305 quam
289 3264 384 3296 oswi.
403 3282 445 3289 —
464 3266 499 3297 in
517 3265 699 3310 Samaeos]
727 3266 768 3297 ob
794 3267 956 3296 Dacorum
981 3275 1029 3296 re·
1066 3265 1121 3303 qui
1146 3264 1227 3295 nihil
1252 3264 1398 3294 inserunt
1431 3262 1493 3293 nisi
1528 3262 1587 3299 ica,
1622 3259 1726 3291 verba
1759 3260 1806 3290 ita
1831 3259 1930 3298 salsa

167 3323 350 3361 pulsionem
385 3320 430 3365 (8,
465 3321 523 3363 46)
558 3323 769 3363 triumphalia
803 3324 832 3354 ei
867 3323 942 3352 data
975 3322 1031 3351 fin·
1067 3321 1200 3351 aberant
1222 3321 1310 3350 dicta
1333 3323 1451 3359 putant
1473 3328 1531 3358 pro
1563 3319 1610 3348 ita
1635 3316 1740 3355 saleis
1773 3322 1929 3348 oar-erma

165 3379 338 3419 gebsntur.
407 3379 504 3410 etiam
553 3380 639 3411 infra
684 3390 711 3411 c.
756 3382 798 3411 54
855 3380 1033 3417 iunguntur
1068 3378 1120 3408 vel
1146 3378 1192 3408 ita
1215 3376 1411 3407 addationis
1427 3380 1579 3414 expertem
1596 3379 1627 3405 et
1643 3375 1742 3405 talem
1757 3373 1928 3405 dictionem
