2176 3672
903 223 1007 281 Oap.
1032 225 1100 266 14.
1127 225 1194 267 15.

1288 194 1323 285 ἓξ
1875 227 1927 267 31

163 350 439 396 magumque
479 337 715 380 comitatum
744 337 907 379 nonnisi
936 337 978 379 vi
1006 337 1200 394 belloque
1231 339 1409 379 tuentur.
1472 337 1646 393 exigunt
1685 337 1795 379 enim
1824 338 1933 394 prin-

59 775 75 803 ἱ.

31 812 43 858 ’,ᾗ
58 806 122 863 {fg
162 800 274 858 quod
301 801 437 858 possis
469 802 667 858 sanguine
697 816 855 858 parare.

136 1172 141 1176 “
162 1164 316 1195 continuo
330 1164 465 1203 exigunt
477 1164 574 1195 modo
585 1173 711 1204 equum,
726 1164 821 1194 modo
834 1163 1021 1201 frameam;“

162 1219 246 1250 quae
259 1210 387 1250 quidem
398 1220 531 1242 munera
544 1214 618 1251 post
631 1220 717 1242 nova
731 1210 889 1242 comit-uns
891 1211 1024 1250 egregia

162 1255 306 1288 hanon
326 1266 436 1288 rursus
457 1258 639 1289 exhibenda
658 1258 758 1289 fuisse
773 1260 1023 1288 consentaneum

163 1304 224 1342 est.
250 1304 383 1343 Verum,
405 1305 434 1335 si
454 1314 515 1336 nec
535 1307 678 1345 praemia
698 1306 810 1336 donari
830 1314 892 1335 nec
912 1306 1023 1344 largae

162 1351 279 1391 epulae
293 1352 537 1392 (stipendiorum
549 1354 635 1392 apud
648 1354 810 1384 Romanos
825 1353 911 1391 loco)
928 1361 1022 1392 prae-

142 1397 234 1446 ,bui
245 1401 391 1438 possunt,
406 1400 537 1430 comites
551 1400 715 1439 paullatim
729 1400 913 1430 dilabuntur
926 1402 1023 1440 atque

0 1455 35 1485 ›221-
68 1482 70 1486 ,
161 1446 328 1477 amnuit
347 1445 427 1476 illud
447 1445 485 1476 in
503 1455 593 1488 pace
613 1445 715 1477 decus
722 1469 732 1485 ‚
752 1446 790 1478 in
810 1445 893 1477 bello
913 1456 1023 1488 prae—

54 1497 60 1502 '
160 1488 296 1529 sidium.
312 1509 350 1514 —
362 1492 513 1534 princip.
531 1493 588 1525 sui
607 1491 827 1534 liberalitate]
848 1495 1023 1525 liberalitas

161 1537 254 1578 larg-a
273 1539 360 1578 apud
375 1539 552 1571 Germanos
566 1543 702 1579 veteres,
723 1542 811 1581 quod
832 1543 910 1572 satis
928 1542 1023 1572 nobis

160 1585 336 1618 ostendunt
348 1590 474 1626 poetae,
492 1589 592 1619 virtus
603 1591 654 1619 est
664 1589 842 1628 praeclara:
858 1589 1024 1620 dicebatur

0 1647 21 1659 a
159 1633 333 1665 Theotisoe
358 1632 454 1665 milei.
487 1635 536 1666 Cf.
557 1636 678 1666 Grimm
699 1637 781 1667 thes.
804 1637 920 1668 Theot.
943 1646 969 1668 s.
990 1647 1021 1667 v.

0 1673 33 1740 {¹ss
138 1693 142 1699 =
161 1688 237 1723 aeq.
248 1697 288 1704 --
299 1678 396 1712 illum
411 1679 605 1713 bellatorem
620 1692 740 1724 equum
752 1684 828 1723 cet]
841 1685 1022 1715 Pronomen

160 1725 333 1760 domuum.
347 1729 432 1759 hanc
446 1729 547 1760 habet
560 1731 633 1769 vim,
647 1733 683 1761 ut
697 1732 754 1762 sit:
773 1741 906 1771 „equum
922 1733 1022 1763 bella-

160 1776 263 1806 torem
281 1778 450 1816 tantopere
466 1778 606 1817 cupitum
629 1781 661 1809 et
681 1788 741 1818 pro
762 1788 826 1819 quo
847 1781 988 1819 praemio
1003 1790 1023 1810 a

0 1807 35 1870 53}
159 1822 304 1862 psincipe
334 1832 392 1854 suo
409 1824 600 1862 -obtinendo
632 1826 784 1856 audacter
813 1836 1022 1867 quaecunque

0 1869 41 1944 §f
159 1869 302 1908 pericula
332 1870 500 1901 subeunt.“
536 1872 765 1904 Huiuscemodi
797 1876 904 1904 autem
937 1875 1022 1904 dona

159 1918 315 1947 memorat
327 1917 514 1958 Fredegarii
529 1920 731 1950 continuator
751 1921 792 1951 ad
806 1930 836 1951 a.
852 1924 927 1952 ¹264:
950 1919 1021 1952 Re-

159 1961 326 1995 miseanus
341 1962 390 1994 ad
400 1974 512 2007 reqem
527 1965 662 1997 veniens
680 1972 900 1998 sacramenta
915 1967 1022 1999 multa

161 2013 194 2040 et
216 2007 317 2050 fidem
343 2010 418 2052 reqi
447 2009 591 2054 Pippino
624 2013 798 2055 promisit,
826 2019 863 2045 ut
891 2025 1023 2057 semper

157 2053 268 2096 fidelis
290 2060 359 2088 lam
376 2058 556 2099 praedicto
576 2060 650 2102 reqi
672 2070 775 2102 quam
797 2067 828 2093 et
846 2060 928 2103 filiis
950 2063 1021 2093 suis

162 2111 233 2134 esse
247 2101 389 2136 deberet.
414 2104 489 2136 Rex
502 2116 581 2137 vero
603 2108 640 2138 in
661 2118 760 2139 suam
776 2107 934 2140 ditionem
948 2119 1022 2140 eum

159 2150 292 2192 recepit
317 2156 349 2183 et
367 2151 476 2184 multa
503 2164 647 2186 munera
669 2156 751 2186 auri
777 2160 808 2186 et
835 2157 970 2198 argenti
991 2162 1022 2188 et

158 2197 312 2239 preciosa
339 2200 552 2240 vestimenta,
586 2212 710 2245 equos
738 2208 771 2234 et
799 2213 917 2234 arma
944 2203 1021 2235 lar-

158 2243 281 2286 giendo
307 2255 383 2277 eum
409 2246 540 2280 ditavit.
570 2251 773 2281 Cf.Beovulf
796 2261 826 2282 v.
850 2253 929 2282 1033
951 2261 1020 2292 sqq.

159 2301 241 2332 quos
260 2293 430 2326 Ettmi'iller
456 2296 519 2327 hoo
539 2298 635 2329 modo
656 2300 690 2328 in
715 2299 858 2338 linguam
878 2302 1021 2331 nostram

159 2342 333 2372 convertit:
355 2339 411 2373 Er
430 2342 497 2385 9αό
514 2342 685 2386 Beotculfe
704 2344 768 2377 den
789 2345 902 2378 brand
915 2345 1020 2388 Half—-

159 2384 271 2427 denes,
292 2388 348 2420 ein
360 2389 484 2432 yiilden
499 2390 749 2434 kampsbamcer
766 2404 841 2425 zum
855 2393 1021 2437 Icampen-

159 2431 236 2466 lone
266 2434 346 2477 (ein
371 2437 510 2470 zeichen
538 2439 598 2471 der
626 2439 783 2472 sclllacht
808 2441 867 2472 mit
899 2442 1021 2474 zierem

157 2481 276 2525 φῚἹῙέ]
300 2482 387 2516 belm
407 2485 480 2517 und
506 2485 646 2520 bm'inne.
681 2486 755 2519 Das
778 2487 856 2519 here
881 2488 1020 2532 hamps—

157 2528 317 2571 columen,
344 2531 407 2564 das
428 2533 524 2565 reich
546 2534 796 2577 9eschmstckte,
824 2534 876 2567 die
897 2536 1020 2569 recken

157 2575 266 2610 taken
286 2577 359 2610 dem
381 2578 518 2613 biedern
540 2580 691 2626 brinqeu.
719 2584 812 2615 Adde
834 2595 864 2615 v.
880 2587 919 2615 20
940 2594 1021 2626 sqq„

157 2635 188 2656 v.
200 2627 242 2656 80
251 2635 333 2667 sqq.,
346 2630 406 2660 264
418 2638 498 2670 sqq„
510 2632 570 2662 287
582 2641 652 2671 sqq.
674 2632 847 2672 Nibelung.
857 2632 919 2663 Str.
930 2635 1019 2663 1943.

157 2672 294 2714 Hagno
315 2675 355 2706 de
375 2677 526 2716 Volkero,
548 2678 717 2710 Guntharii
738 2680 868 2710 comite:
899 2675 1021 2710 Volker

158 2718 203 2750 ist
223 2719 279 2751 dir
301 2719 390 2760 lum,-
418 2733 455 2754 er
476 2722 567 2756 dieat
587 2724 809 2757 millen-lichen
831 2725 890 2757 dc‘n
916 2725 1020 2758 silber

157 2765 231 2798 und
242 2765 301 2799 din
314 2767 402 2811 gold.
428 2771 594 2803 ORELLI.
617 2774 737 2804 Crebra
753 2774 852 2805 fuisse
868 2784 1019 2814 equorum

157 2824 378 2857 armorumque
413 2819 466 2849 vel
500 2821 636 2851 vestium
670 2821 756 2851 dona
788 2821 1018 2852 Germanorum

158 2866 274 2902 poetae
288 2866 474 2904 saepissime
496 2867 623 2906 docent,
644 2872 739 2909 atque
760 2869 842 2900 adeo
863 2870 1019 2900 Gotorum

157 2908 326 2949 masshms,
341 2913 468 2951 donum,
483 2915 567 2946 idem
582 2916 771 2947 vocabulum
785 2917 930 2956 plerique
947 2926 1018 2947 esse

158 2958 301 2990 iudicant
321 2962 418 3000 atque
439 2962 682 2994 Theotiscorum
704 2962 857 3002 meldam,
878 2962 1019 3001 mecam,

158 3014 284 3045 equum.
307 3006 355 3037 Cf.
369 3017 451 3048 quae
473 3009 524 3040 his
539 3010 578 3040 de
594 3011 689 3042 rebus
705 3011 798 3041 docte
816 3021 854 3041 ac
869 3012 1018 3049 suaviter,

158 3056 194 3084 ut
213 3054 310 3091 solet,
339 3055 491 3087 disseruit
510 3058 540 3088 J.
555 3058 676 3089 Grimm
698 3060 730 3089 in
752 3059 1017 3089 commentatione

157 3109 217 3132 sua
231 3102 411 3134 academica
428 3105 535 3143 (1848)
551 3103 719 3136 sckenken
734 3104 806 3136 und
818 3103 932 3147 9eben,
946 3116 978 3145 p.
988 3108 1017 3135 8.

128 3187 138 3197 ι
157 3147 206 3178 Os.
227 3150 322 3180 etiam
342 3151 578 3192 Wackernagel
601 3154 636 3183 Z.
646 3154 685 3184 D.
697 3154 735 3183 A.
759 3155 794 3190 9,
818 3155 894 3183 545:
924 3162 1017 3182 rosso

157 3192 231 3226 also
245 3196 307 3227 wie
320 3196 441 3239 waffen
456 3208 572 3230 waren
594 3199 648 3230 ein
662 3198 827 3242 yescbenk
845 3198 905 3229 der
918 3197 1017 3229 milde

155 3241 229 3273 und
261 3242 503 3288 ehrerbieaunq.
550 3248 658 3278 Verba
696 3251 802 3278 autem
841 3250 1017 3277 cruentam

156 3289 395 3334 victricemque
421 3295 532 3325 nescio
561 3295 637 3335 quid
664 3295 783 3326 habent
811 3295 938 3333 poetici.
974 3295 1018 3325 Ut

158 3338 268 3371 liberis
290 3341 365 3371 olim
379 3351 495 3373 nomen
511 3343 643 3373 inditum
658 3346 717 3381 est,
739 3344 829 3373 cuius
844 3343 906 3373 vim
922 3342 1016 3372 rebus

160 415 266 472 cipis
294 415 359 459 sui
387 414 781 473 liberalitatesilhzm
802 414 1047 457 bellatorem
1077 429 1252 472 equum,
1283 415 1394 457 illam
1414 418 1624 457 cruentam
1643 414 1933 471 victricemque

160 491 412 537 fiunem
430 475 720 548 hssnaus‘epulae
752 495 818 546 et,
860 506 1107 548 quamquam
1135 492 1354 549 incompti,
1397 491 1500 548 largi
1529 495 1668 534 tamen
1713 496 1932 548 apparatus

161 582 241 626 pro
269 569 476 626 stipendio
505 569 670 612 cedunt.
716 570 889 612 materia
917 570 1219 612 munificentiae
1239 584 1317 626 per
1334 568 1445 611 bella
1464 573 1507 611 et
1526 573 1678 626 raptus,
1719 583 1798 611 nec
1815 584 1932 612 arare

160 648 317 691 terram
345 650 416 689 aut
446 650 691 703 exspectare
722 661 875 689 annum
904 650 989 690 tam
1018 647 1137 690 facile
1168 647 1422 703 persuaseris
1453 661 1575 703 quam
1604 660 1751 689 vocare
1771 646 1961 689 hostem

163 726 209 767 et
233 723 410 786 nvulnera
437 724 602 766 mereri.
663 724 825 780 pigrum
856 725 953 781 quin
983 725 1107 767 immo
1139 728 1182 767 et
1210 725 1321 767 iners
1351 723 1514 766 videtur
1543 723 1692 766 sudore
1723 724 1933 780 acquirere

17 850 105 943 ἐξ*
213 906 217 910 ·
282 878 372 933 (15)
405 878 606 928 Quotiens
646 879 755 922 bella
794 894 879 922 non
917 880 1083 934 ineunt,
1124 892 1208 921 non
1247 878 1419 921 multum
1462 878 1700 932 venatibus,
1732 879 1826 935 plus
1856 893 1934 935 per

12 941 94 1004 ’Ξῖ
163 955 292 999 otium
330 956 586 1013 transigunt,
628 956 755 999 dediti
795 971 939 999 somno
980 957 1176 1013 ciboque,
1208 955 1455 997 fortissimus
1488 955 1660 1012 quisque
1691 970 1739 998 ac
1768 956 1932 999 bellico-

267 1070 296 1099 1.
318 1071 436 1100 tueare
458 1069 493 1100 C.
516 1086 554 1091 -
577 1070 606 1099 5.
629 1072 811 1110 expectare
830 1069 868 1099 B.
891 1085 930 1090 —
953 1070 982 1099 6.
1004 1066 1069 1097 imo
1090 1067 1198 1098 ΑΒΘ.

1071 1163 1173 1203 gestis
1195 1164 1296 1192 ratam
1309 1162 1464 1200 facerent,
1485 1163 1532 1193 sic
1547 1163 1678 1194 comites
1699 1162 1849 1194 frameam
1864 1164 1932 1194 exi-

1071 1212 1163 1248 gunt,
1174 1219 1269 1249 quam
1281 1212 1445 1240 ementem
1455 1219 1493 1240 ac
1504 1210 1666 1242 victricem
1679 1211 1747 1241 fore
1759 1211 1933 1242 confidunt.

1072 1274 1110 1279 —-
1127 1266 1208 1287 nam
1223 1255 1344 1298 epulae
1360 1258 1433 1296 cet]
1457 1254 1545 1287 Nam
1566 1259 1680 1297 epulae
1703 1259 1798 1289 solita
1811 1268 1933 1290 merces

1071 1307 1121 1334 est
1143 1305 1301 1335 comitum.
1320 1301 1389 1339 (Ἑν
1405 1302 1468 1339 διὰ
1482 1305 1590 1340 δυοῖν
1612 1303 1733 1346 epulae
1762 1309 1792 1336 ec
1818 1305 1933 1347 appass

1070 1354 1170 1381 ratus
1184 1352 1282 1382 refert
1297 1353 1424 1383 dicendi
1439 1362 1541 1393 genus
1557 1354 1721 1384 Taciteum
1736 1362 1795 1392 pro
1811 1355 1933 1394 vulgari

1071 1397 1252 1440 epularum
1274 1404 1480 1441 apparatus.
1503 1401 1568 1432 Cic.
1586 1401 1674 1432 Orat.
1690 1403 1740 1431 25.
1767 1402 1864 1441 Largi
1886 1402 1933 1431 illi

1070 1450 1241 1486 apparatus
1263 1456 1360 1487 saepe
1376 1448 1608 1486 describuntur,
1625 1449 1712 1479 velut
1726 1449 1760 1478 in
1775 1449 1934 1479 Beovulfo

1071 1496 1132 1524 483
1154 1504 1234 1534 sqq.,
1257 1497 1320 1526 620
1341 1505 1421 1535 sqq„
1445 1497 1524 1526 1025
1546 1505 1628 1535 sqq.,
1649 1497 1683 1525 in
1700 1496 1955 1536 Nibelungiade.

1072 1541 1134 1571 Str.
1143 1544 1220 1572 369:
1236 1540 1277 1572 Si
1288 1542 1430 1583 fuorten
1443 1541 1539 1573 riche
1549 1542 1650 1584 spise,
1662 1541 1727 1573 dar
1738 1552 1801 1573 zuo
1811 1547 1933 1585 quaten

1071 1588 1148 1620 win.
1184 1590 1297 1629 Itaque
1319 1591 1414 1621 etiam
1434 1589 1596 1632 qimazurt
1617 1591 1650 1628 (a
1669 1600 1754 1621 nom.
1775 1589 1933 1632 qimaso),

1071 1637 1237 1675 convivae,
1259 1637 1447 1668 dicebantur
1467 1639 1610 1668 comites.
1633 1654 1671 1659 —-
1695 1638 1835 1677 annum]
1858 1647 1932 1677 pro-

1070 1686 1201 1714 ventum
1211 1685 1299 1722 almi,
1312 1687 1348 1715 ut
1358 1685 1444 1716 haud
1455 1695 1528 1716 raro
1539 1686 1665 1724 poetae.
1686 1686 1805 1716 Lucan.
1815 1687 1844 1724 3,
1855 1688 1931 1717 452:

1070 1729 1255 1772 Agricolae
1270 1731 1380 1774 raptis
1393 1742 1522 1763 armum
1535 1731 1656 1772 flevere
1667 1731 1831 1763 iuvencis.
1854 1733 1932 1764 Stat.

1071 1779 1149 1809 Silv.
1159 1782 1189 1817 4,
1205 1782 1234 1818 2,
1250 1782 1299 1810 22.
1321 1777 1487 1810 Pharium
1499 1789 1627 1810 annum
1637 1789 1696 1819 pro
1707 1780 1846 1820 Aegypti
1857 1790 1931 1820 pro·

1070 1829 1168 1857 ventu
1189 1836 1307 1858 annuo.
1329 1828 1490 1868 Agricola,
1513 1838 1540 1858 c.
1556 1830 1606 1858 31.
1622 1845 1660 1850 —-
1677 1829 1815 1867 vocare]
1839 1831 1874 1858 ut
1894 1829 1932 1858 A.

1071 1876 1101 1910 6,
1116 1876 1172 1904 34:
1197 1871 1342 1904 Orodem
1356 1892 1376 1897 —
1392 1892 1412 1897 —
1427 1884 1552 1905 vocare
1575 1873 1623 1906 ad
1640 1884 1792 1916 puynam
1806 1885 1864 1915 pro
1880 1885 1931 1906 so-

1069 1921 1126 1951 lito
1135 1930 1339 1962 provocare.
1352 1940 1388 1944 —
1401 1920 1550 1953 vulnera
1563 1922 1700 1962 mereri]
1714 1926 1747 1953 ut
1758 1923 1933 1954 honorifica

1069 1968 1265 1999 fortitudinis
1277 1971 1470 2001 testimonia.
1488 1970 1552 2001 Cfr.
1561 1971 1596 2000 C.
1606 1972 1622 2000 ‘1
1637 1973 1717 2000 extr.
1728 1987 1766 1992 —
1778 1968 1901 2000 sudore
1913 1986 1932 1992 -

1069 2015 1250 2056 sanquine]
1273 2017 1343 2047 Hac
1372 2018 1412 2047 de
1440 2018 1667 2048 allitteratione
1701 2027 1796 2057 quam
1823 2018 1933 2048 dicunt

1070 2062 1111 2093 cf.
1124 2063 1280 2101 Wfflfflin,
1295 2064 1457 2104 Philolog.
1475 2066 1524 2103 26,
1543 2067 1612 2095 100.

1113 2112 1162 2141 15.
1186 2119 1252 2140 non
1279 2109 1421 2141 multum
1446 2109 1636 2151 venatibus]
1667 2112 1834 2143 Contraria
1861 2121 1932 2142 eum

1070 2157 1239 2188 videantur
1254 2157 1400 2188 Caesaris
1422 2159 1604 2189 testimonia
1618 2159 1654 2189 Β.
1671 2160 1708 2189 G.
1726 2161 1755 2196 6,
1770 2162 1825 2189 21:
1854 2155 1931 2189 Vita

1073 2202 1321 2235 Germanorum
1343 2204 1449 2235 omnis
1471 2205 1506 2236 in
1523 2203 1759 2236 venationibus
1774 2210 1874 2247 alque
1895 2205 1932 2237 in

1068 2249 1187 2282 studiis
1195 2251 1248 2282 rei
1256 2250 1414 2283 militaris
1424 2252 1646 2283 consumitur.
1663 2255 1692 2290 4,
1703 2256 1716 2283 1
1727 2262 1734 2283 ε
1752 2253 1791 2283 de
1801 2254 1930 2284 Suebis:

1068 2296 1210 2329 multum
1220 2298 1347 2329 suntin
1358 2297 1606 2337 venationibus,
1623 2301 1751 2339 Lipsius
1764 2300 1932 2331 delendam

1069 2347 1169 2377 suasit
1190 2347 1405 2386 negationem,
1427 2357 1492 2378 non
1518 2350 1624 2378 tamen
1644 2347 1762 2378 delevit
1783 2348 1863 2387 ipse,
1885 2349 1931 2378 uti

1068 2393 1174 2424 fecere
1191 2394 1362 2424 Oberlinus
1384 2395 1511 2434 aliique.
1548 2394 1632 2425 Sane
1656 2395 1731 2426 huic
1753 2395 1930 2426 audacissi-

1067 2450 1138 2471 mae
1153 2442 1354 2472 coniecturae
1375 2441 1515 2473 faventia
1530 2443 1644 2473 afferre
1660 2445 1809 2481 poterant
1823 2444 1931 2481 multa,

1069 2498 1150 2528 quae
1162 2490 1348 2528 posterioris
1361 2492 1435 2520 sunt
1447 2491 1610 2529 temporis,
1624 2490 1712 2520 velut
1723 2490 1930 2529 Hilpericum,

1069 2537 1123 2575 qui
1145 2536 1276 2575 dicitur,
1303 2547 1332 2567 v.
1357 2540 1424 2568 148.
1453 2538 1511 2567 Ed.
1534 2538 1632 2568 Orell.
1652 2548 1683 2577 p.
1706 2540 1761 2568 27:
1795 2534 1931 2567 Etenim

1069 2593 1210 2614 nemora
1228 2583 1317 2614 incer
1333 2593 1446 2626 opaca
1461 2582 1526 2615 Hic
1540 2589 1641 2626 paler
1657 2582 1797 2615 adsidue
1814 2581 1930 2614 Karo-

1069 2629 1133 2669 lus,
1154 2630 1357 2662 venerabilis
1382 2630 1491 2671 heros,
1514 2629 1690 2662 Exere-ere
1710 2628 1929 2672 solel'qratos

1066 2688 1130 2720 per
1136 2678 1297 2721 gramina
1309 2678 1322 2710 I
1324 2678 1407 2710 udos
1415 2678 1525 2721 Atque
1537 2678 1671 2720 agitare
1680 2678 1778 2719 seras
1787 2676 1929 2708 canibus

1068 2724 1286 2768 tremulisque
1308 2726 1440 2767 sayiltis
1455 2725 1615 2757 Sternere
1638 2725 1851 2766 cornigeram
1872 2723 1929 2755 ηἰ-

1067 2782 1198 2815 graque
1225 2772 1286 2804 sub
1316 2772 1438 2804 arbore
1466 2771 1618 2811 tnrbam;
1655 2773 1761 2804 Caroli
1784 2773 1873 2803 Calvi
1898 2775 1930 2803 et

1068 2822 1198 2852 Haraldi
1226 2823 1390 2852 Danorum
1419 2822 1506 2862 regis
1534 2822 1736 2852 venationem
1765 2821 1796 2850 in
1824 2820 1929 2850 Rheni

1067 2869 1172 2899 insula
1193 2869 1414 2899 delectationis
1436 2878 1533 2899 causa
1563 2868 1754 2899 celebratam
1780 2867 1851 2897 fuse
1872 2867 1927 2896 de-

1067 2917 1216 2955 scriptam
1227 2916 1268 2946 ab
1279 2915 1422 2946 Ernoldo
1434 2915 1574 2954 Nigellio
1586 2915 1618 2944 in
1627 2914 1773 2946 Carmine
1785 2914 1928 2953 elegiaco

1067 2964 1099 2992 in
1122 2964 1274 2993 honorem
1296 2963 1465 2993 ffludovici
1483 2963 1575 2993 Caes.
1591 2963 1674 3001 Aug.
1690 2962 1759 2991 Lib.
1776 2961 1827 2991 lv.
1843 2960 1927 2999 apud

1067 3011 1180 3040 Murat.
1203 3010 1330 3048 Scriptt.
1352 3019 1412 3039 rer.
1434 3010 1503 3039 Ital.
1527 3010 1563 3039 Τ.
1586 3009 1626 3038 ΙΙ.
1650 3009 1685 3039 P.
1707 3009 1762 3045 11.;
1790 3009 1864 3037 item
1887 3016 1927 3037 ex

1067 3057 1172 3095 poetis
1185 3057 1393 3093 Germanicis,
1404 3057 1493 3086 velut
1503 3055 1647 3095 Rigsmfil
1660 3058 1700 3086 29
1712 3058 1771 3085 cet.
1788 3055 1927 3093 (Liining

1067 3114 1096 3143 p.
1113 3106 1172 3134 240
1195 3105 1290 3143 sqq.),
1312 3104 1483 3143 Nibelung.
1506 3103 1567 3133 Str.
1589 3104 1664 3134 854:
1697 3099 1751 3132 Nu
1779 3101 1840 3131 wir
1867 3099 1929 3130 der

1068 3148 1218 3180 her-verte
1241 3149 1334 3180 Iedec
1357 3148 1488 3180 worden
1511 3149 1580 3187 siu,
1609 3149 1646 3179 εὔ
1670 3147 1727 3179 wil
1747 3147 1804 3178 {cli
1816 3148 1926 3189 jaqen

1066 3197 1153 3228 ritca
1182 3195 1263 3227 bern
1292 3195 1380 3227 unde
1407 3196 1491 3227 sie-in
1520 3195 1577 3226 lain
1605 3205 1642 3226 ze
1669 3194 1742 3225 dem
1775 3192 1926 3224 Wasltem

1065 3242 1183 3282 walde,
1202 3242 1254 3274 als
1270 3242 1326 3274 ich
1347 3241 1406 3274 vil
1427 3241 1546 3273 dicke
1570 3240 1648 3273 han.
1670 3243 1787 3272 Verum
1802 3243 1925 3279 magnis

1065 3292 1283 3323 huiuscemodi
1298 3291 1520 3322 venationibus
1535 3300 1555 3321 a
1569 3291 1674 3320 multis
1690 3299 1754 3319 una
1768 3289 1924 3327 susceptis

1065 3344 1186 3371 tentum
1213 3350 1271 3380 per
1298 3349 1394 3371 unum
1422 3340 1595 3370 alterumve
1625 3338 1707 3368 diem
1732 3346 1843 3366 vacare
1866 3344 1922 3374 po-
