2176 3672
653 324 826 368 LIBER
853 324 909 367 Π.
968 322 1069 378 Gap.
1099 322 1168 368 86.
1197 322 1265 367 87.
1298 324 1366 367 88.
1397 324 1464 366 89.
1860 321 1946 365 379

179 440 391 484 modestia
429 442 661 493 regeretur.
710 438 945 482 onerabant
984 438 1299 482 multitudinem
1339 438 1453 482 obvii
1494 451 1545 481 ex
1584 437 1687 481 urbe
1725 440 1945 481 senatores

182 520 452 579 equitesque,
492 520 664 575 qnidam
702 522 840 573 metu,
879 518 1004 563 multi
1041 531 1118 574 per
1147 519 1456 572 adulationem,
1497 518 1629 562 ceteri
1658 530 1709 561 ac
1737 516 1945 572 paulatim

177 612 336 654 omnes,
364 613 419 644 ne
448 600 543 643 aliis
572 598 937 654 proficiscentibus
966 600 1048 654 ipsi
1076 603 1354 643 remanerent.
1398 598 1741 654 adgregabantur
1770 611 1794 641 e
1821 597 1946 652 plebe

178 678 391 734 flagitiosa
419 693 496 735 per
514 680 717 735 obsequia
734 679 908 724 Vitellio
928 680 1086 734 cogniti
1115 692 1288 723 scurrae
1318 679 1545 723 histriones
1574 678 1762 734 aurigae,
1789 678 1945 733 quibus

177 761 251 805 ille
278 762 561 805 amicitiarum
590 760 977 804 dehonestamentis
1005 761 1113 803 mire
1141 759 1365 815 gaudebat.
1410 771 1487 803 nec
1507 759 1694 802 coloniae
1722 759 1850 802 modo
1868 761 1946 802 aut
1981 764 2002 794 ⁶

178 841 411 896 municipia
447 844 651 895 congestu
691 841 932 895 copiarum,
974 841 1050 884 sed
1089 842 1174 895 ipsi
1212 840 1397 884 cultores
1425 852 1613 894 arvaque
1649 839 1831 883 maturis
1859 839 1945 882 iam

176 919 372 976 frugibus
399 924 450 964 ut
476 920 632 964 hostile
661 921 798 964 solum
826 921 1116 965 vastabantur.
1175 921 1268 975 (88)
1297 920 1458 963 multae
1487 924 1532 963 et
1561 923 1726 963 atroces
1758 919 1871 963 inter
1898 932 1947 963 se

176 1001 360 1044 militum
381 1001 544 1055 caedes,
575 1004 674 1055 post
702 1002 950 1045 seditionem
971 1001 1108 1045 Ticini
1138 1005 1331 1056 coeptam
1360 1003 1557 1044 manente
1584 1000 1796 1055 legionum
1826 1000 1945 1044 auxi-

176 1080 413 1136 liorumque
449 1081 685 1134 discordia3
725 1081 799 1125 ubi
829 1082 1034 1125 adversus
1064 1094 1253 1136 paganos
1282 1082 1527 1124 certandum
1556 1079 1689 1134 foret,
1728 1093 1945 1124 consensu.

175 1161 253 1205 sed
279 1161 466 1216 plurima
494 1166 661 1216 strages
689 1163 744 1205 ad
773 1163 1000 1216 septimum
1020 1161 1073 1205 ab
1093 1162 1199 1206 urbe
1217 1162 1415 1216 lapidem.
1462 1161 1641 1216 singulis
1660 1161 1721 1204 ibi
1739 1160 1946 1204 militibus
1959 1171 2002 1201 io

175 1241 376 1286 Vitellius
415 1246 591 1296 paratos
628 1242 744 1286 cibos
789 1247 837 1286 ut
876 1242 1176 1298 gladiatoriam
1215 1243 1407 1297 saginam
1447 1241 1683 1295 dividebat3
1727 1245 1772 1285 et
1812 1241 1946 1285 effusa

174 1321 319 1376 plebes
357 1323 462 1366 totis
499 1335 546 1367 se
585 1324 738 1366 castris
772 1323 1014 1367 miscuerat.
1059 1323 1294 1366 incuriosos
1323 1322 1480 1366 milites
1509 1346 1565 1352 -—
1593 1322 1822 1366 vernacula
1850 1326 1943 1366 ute-

174 1401 332 1447 bantur
358 1402 602 1446 urbanitate
630 1427 687 1433 —
716 1404 890 1458 quidam
919 1403 1178 1458 spoliavere,
1208 1402 1386 1446 abscisis
1415 1402 1563 1446 fiirtim
1586 1401 1761 1456 balteis,
1789 1415 1843 1446 an
1874 1415 1943 1447 ac-

174 1482 300 1526 cincti
328 1481 467 1526 forent
485 1483 733 1537 rogitantes.
776 1497 859 1526 non
878 1483 981 1527 tulit
999 1483 1229 1527 ludibrium
1249 1482 1435 1527 insolens
1455 1483 1735 1527 contumeliae
1755 1484 1942 1526 animus:

172 1562 376 1606 inermem
405 1562 610 1617 populum
638 1563 793 1617 gladiis
822 1564 1026 1607 invasere.
1075 1575 1224 1607 caesus
1254 1563 1366 1607 inter
1385 1563 1491 1606 alios
1510 1566 1637 1617 pater
1654 1563 1817 1617 militiS,
1848 1577 1943 1607 cum
1958 1575 2001 1606 15

172 1641 308 1686 filium
345 1643 641 1696 comitaretur;
683 1644 836 1687 deinde
874 1644 1066 1698 agnitus,
1109 1647 1153 1687 et
1191 1643 1362 1698 volgata
1401 1644 1531 1687 caede
1568 1647 1852 1698 temperatum
1888 1644 1943 1688 ab

171 1723 365 1767 innoxiis.
410 1724 455 1766 in
482 1723 588 1767 urbe
618 1727 762 1768 tamen
799 1725 1060 1778 trepidatum
1099 1723 1475 1778 praecurrentibus
1512 1724 1674 1778 passim
1713 1724 1941 1768 militibus:

171 1801 309 1846 forum
339 1803 520 1847 maxime
547 1803 763 1858 petebant,
792 1805 991 1859 cupidine
1019 1805 1183 1849 visendi
1213 1805 1363 1858 locum,
1393 1805 1437 1848 in
1456 1817 1541 1859 quo
1561 1804 1699 1848 Galba
1726 1806 1941 1849 iacuisset.

172 1895 252 1928 nec
278 1883 418 1927 minus
447 1897 622 1928 saevum
651 1885 940 1939 spectaculum
970 1889 1093 1929 erant
1129 1886 1214 1940 ipsi
1251 1886 1382 1940 tergis
1411 1884 1598 1929 ferarum
1627 1889 1671 1929 et
1699 1885 1941 1940 ingentibus

173 1963 270 2007 telis
308 1963 555 2018 horrentes,
595 1977 689 2008 cum
728 1965 897 2009 turbam
934 1965 1081 2020 populi
1110 1978 1189 2020 per
1216 1967 1427 2010 inscitiam
1456 1978 1607 2020 parum
1637 1966 1822 2009 vitarent
1850 1969 1940 2020 aut,
1955 1979 1999 2011 ao

172 2043 247 2087 ubi
274 2043 436 2088 lubrico
465 2045 558 2088 viae
587 2044 655 2088 vel
685 2057 863 2089 occursu
892 2045 1072 2090 alicuius
1102 2047 1407 2100 procidissent,
1437 2047 1493 2089 ad
1522 2046 1728 2100 iurgium,
1758 2059 1855 2089 mox
1884 2047 1940 2090 ad

172 2136 324 2168 manus
352 2127 398 2168 et
425 2123 583 2168 ferrum
614 2125 858 2168 transirent.
903 2126 1006 2180 quin
1044 2130 1089 2169 et
1117 2126 1277 2169 tribuni
1317 2125 1605 2181 praefectique
1643 2138 1738 2169 cum
1777 2130 1940 2171 terrore

172 2207 216 2247 et
251 2207 511 2248 armatorum
553 2205 733 2248 catervis
774 2204 1021 2248 volitabant.
1081 2204 1175 2261 (89)
1215 2206 1307 2260 ipse
1337 2205 1536 2249 Vitellius
1566 2219 1593 2248 a
1621 2209 1752 2260 ponte
1779 2206 1939 2250 Mulvio

170 2284 325 2339 insigni
345 2296 466 2339 equ0,
496 2284 727 2339 paludatus
747 2285 1058 2339 accinctusque,
1089 2290 1284 2329 senatum
1314 2290 1357 2329 et
1375 2286 1580 2340 populum
1609 2290 1708 2330 ante
1728 2299 1775 2330 se
1795 2298 1938 2341 agenS,

262 2412 277 2441 1
316 2414 448 2451 regetur
541 2413 561 2443 3
595 2412 665 2442 offis
756 2414 778 2443 4
813 2421 923 2444 scurre
1015 2413 1035 2443 5
1070 2412 1152 2452 mire
1245 2414 1265 2444 8
1299 2415 1394 2452 cepti
1496 2415 1516 2445 9
1551 2413 1705 2444 certando
1739 2412 1834 2455 (corr.
1871 2412 1937 2455 lm)

170 2456 239 2488 fore
330 2466 509 2488 consensus
534 2459 587 2488 Ρν.
621 2457 738 2488 Walter
831 2460 871 2489 11
897 2457 987 2489 eibos
1011 2467 1050 2488 ex
1072 2458 1163 2489 cinos
1188 2468 1269 2490 corr.
1297 2460 1347 2489 lm
1442 2457 1540 2502 12113
1566 2462 1601 2490 ut
1624 2458 1780 2490 rebantur
1803 2458 1936 2498 Lipsius

171 2504 216 2580 ἐς
238 2502 402 2591 ῖῐὲιιωςιϋω
427 2502 487 2544 (=
511 2503 741 2545 contumeliae)
764 2504 1033 2535 contumeliarum
1058 2503 1159 2534 Rider
1252 2504 1293 2535 15
1325 2513 1418 2535 cesus
1512 2507 1553 2537 16
1587 2505 1665 2536 cede
1759 2507 1800 2538 19
1837 2507 1937 2545 sceui-1

239 2558 272 2580 m
310 2558 343 2580 ui

215 2665 268 2696 88.
321 2662 428 2694 mi
448 2661 602 2707 coeptam]
627 2664 669 2695 cf.
686 2673 713 2694 c.
733 2664 786 2696 68.
812 2681 856 2686 —
873 2662 1035 2703 paganos]
1071 2672 1164 2701 cere,
1198 2663 1257 2695 sed
1280 2663 1416 2695 licenter
1439 2667 1472 2695 et
1495 2663 1618 2696 urbane
1651 2664 1752 2696 iocari
1776 2665 1933 2697 voluisse.

171 2721 212 2751 cf.
237 2722 269 2759 1,
293 2721 348 2754 53.
374 2739 418 2744 —
451 2719 615 2764 mosea]
650 2721 681 2751 h.
700 2730 727 2752 e.
756 2730 829 2751 cum
853 2723 939 2752 esset
960 2729 1035 2751 con-
1070 2721 1241 2752 ver-maala
1264 2720 1431 2752 urbanitas
1454 2724 1505 2752 est
1526 2721 1640 2760 iocus,
1665 2722 1773 2761 qualis
1795 2722 1828 2753 in
1853 2722 1934 2754 urbe

171 2786 297 2810 sensus.
332 2778 413 2809 nihil
437 2779 536 2818 igitur
560 2788 642 2818 opus
666 2781 716 2809 est
739 2777 882 2809 scribere
906 2754 1053 2846 consen-¹l
1069 2786 1089 2808 a
1111 2777 1223 2809 vernis
1257 2778 1340 2809 solet
1370 2778 1521 2818 proferri.
1562 2778 1610 2810 sic
1642 2778 1718 2810 dial.
1744 2780 1787 2811 88
1821 2789 1933 2811 ma-

171 2844 236 2866 us.
274 2835 316 2866 cf.
342 2836 374 2874 1,
398 2837 442 2868 64
458 2834 615 2874 faciliore
638 2852 682 2858 -
706 2844 871 2874 consensu,
896 2836 940 2867 55
962 2844 1034 2866 moz
1049 2847 1051 2853 s
1068 2835 1143 2865 cula
1175 2834 1255 2866 vietis
1284 2843 1345 2875 pro
1368 2835 1553 2867 vernilibus
1586 2835 1677 2868 urbis
1709 2836 1799 2868 vitiis
1832 2840 1866 2868 et
1897 2836 1932 2868 in

171 2901 330 2924 m
357 2909 399 2916 —
429 2892 659 2932 gladiatoriam
683 2890 843 2935 εαφέηαιη]
869 2893 908 2923 cs.
933 2892 1031 2931 Prop.
1067 2892 1153 2923 Anu.
1183 2893 1211 2929 1,
1238 2893 1279 2923 31
1315 2893 1487 2924 ver-nacula
1509 2892 1674 2924 multitudo
1705 2893 1737 2924 h.
1755 2902 1783 2924 e.
1806 2893 1934 2925 urbana

173 2947 205 2986 δ,
228 2949 261 2987 8,
285 2950 328 2981 25
352 2950 409 2989 qm·
429 2949 520 2981 dabit
540 2949 710 2981 &mundae
731 2949 862 2980 venalia
881 2948 960 2988 fata
984 2958 1033 2979 sa·
1068 2948 1294 2980 libertinorum
1317 2949 1497 2980 multitudo.
1523 2949 1669 2980 Rxmza.
1705 2950 1746 2980 cf.
1773 2951 1805 2989 3,
1831 2951 1876 2982 38
1898 2955 1932 2982 ut

170 3003 264 3043 aiau
294 3006 365 3038 scil.
389 3007 594 3047 glatiatoriae
628 3008 659 3038 h.
679 3016 708 3039 e.
734 3007 790 3046 qui
814 3008 915 3038 vitam
940 3016 1031 3038 suam
1067 3010 1139 3037 nme
1155 3006 1316 3046 procacia
1338 3006 1480 3037 scu-bama
1496 3006 1602 3046 plebis
1624 3006 1761 3046 ὑιροπια.
1798 3007 1930 3039 Patron.

171 3061 292 3092 vendet
322 3062 479 3095 lanistae:
514 3074 590 3096 nam
613 3064 677 3095 viri
709 3064 805 3095 etiam
838 3063 1032 3095 nobilissimi
1068 3065 1110 3095 24
1143 3063 1297 3094 hominm
1326 3068 1454 3094 acutum
1485 3068 1580 3102 atque
1602 3064 1794 3095 urbant'tau'c
1818 3074 1929 3096 vema-

171 3117 229 3148 ius
251 3121 356 3150 aetate
372 3122 572 3161 consumptis
596 3121 691 3153 bonis
714 3124 747 3152 et
762 3121 874 3160 inopia
896 3123 1031 3160 urgente
1067 3120 1156 3151 culae
1180 3121 1312 3160 fontan.
1348 3138 1392 3144 ——
1426 3130 1487 3159 quo
1511 3120 1630 3162 Galba]
1669 3121 1807 3152 militum
1842 3122 1929 3154 enim

171 3174 358 3206 vendebant
379 3185 415 3207 se
430 3177 557 3210 lanistis
573 3182 606 3209 et
621 3178 820 3219 gladiatores
835 3177 1031 3218 largioribus
1066 3177 1315 3209 Vitellianorum
1354 3178 1454 3218 vulgo
1501 3186 1692 3217 persuasum
1739 3181 1809 3210 ent
1854 3188 1928 3211 sese

171 3231 425 3272 fortioribusque
459 3233 540 3266 cibis
579 3235 722 3275 saginari
760 3238 793 3266 et
826 3234 1030 3265 corroborari
1066 3233 1191 3265 Galbae
1224 3234 1371 3266 vindices
1403 3234 1575 3266 exstitisse.
1603 3253 1646 3258 —
1681 3233 1790 3278 ter-qis]
1819 3239 1927 3275 tergo-

169 3288 328 3320 solebant.
363 3289 532 3322 Burman.
556 3309 600 3315 —
635 3292 809 3323 vernacula
836 3309 876 3315 —
900 3291 1029 3322 urbani-
1046 3304 1048 3324 f
1064 3291 1174 3330 ribus,
1198 3290 1383 3322 renonibus.
1432 3290 1583 3322 Fer-'nam
1601 3290 1716 3331 pellan
1738 3291 1816 3323 dicit
1838 3292 1925 3324 Ann.

168 3343 246 3389 tau]
281 3346 362 3378 haec
385 3346 487 3379 verbs
508 3349 625 3380 ceteris
655 3348 849 3389 interposita
875 3348 1028 3379 lectorem
1045 3336 1048 3378 ἷ
1064 3350 1095 3386 2,
1123 3351 1175 3381 13.

168 3406 321 3441 monent,
345 3404 401 3444 qui
425 3404 627 3445 spoliavere,
662 3406 721 3438 hos
746 3415 811 3437 non
836 3406 957 3436 furtum
982 3405 1047 3436 sii-t
1109 3407 1163 3439 89.
1205 3405 1395 3447 paludatus]
1429 3405 1601 3437 Suetonius
1625 3409 1732 3437 tamen
1755 3406 1854 3437 tradit
1876 3406 1925 3438 sie
