2176 3672
669 314 841 357 LIBER
869 314 923 356 II.
984 313 1084 368 Cap.
1115 314 1181 356 43.
1213 314 1279 357 44.
1310 314 1378 358 45.
1818 313 1901 357 345

138 431 341 473 sertorem
370 429 713 484 proditoremque
741 428 973 483 increpant,
1003 427 1119 470 nullo
1148 430 1322 483 proprio
1343 429 1516 472 crimine
1546 430 1649 483 eius,
1680 430 1756 472 sed
1785 442 1902 472 more

137 509 251 564 volgi
279 522 403 553 suum
432 509 612 564 quisque
638 507 847 562 flagitium
878 508 972 551 aliis
1001 508 1271 552 obiectantes.
1332 509 1546 552 Titianum
1566 513 1609 552 et
1630 509 1796 553 Celsum
1817 522 1899 552 nox

137 590 257 644 iuvit,
287 589 507 644 dispositis
536 589 621 631 iam
642 587 826 631 excubiis
847 589 1167 643 conpressisque
1188 588 1407 642 militibuS,
1437 602 1542 644 quos
1563 589 1726 632 Annius
1748 589 1899 633 Gallus

138 670 312 714 consilio
340 668 535 724 precibus
565 668 820 712 auctoritate
849 667 1037 722 flexerat,
1067 682 1118 712 ne
1149 682 1277 723 super
1306 669 1468 713 cladem
1498 670 1700 713 adversae
1729 682 1898 724 pugnae

138 750 316 794 suismet
343 749 428 804 ipsi
457 748 655 792 caedibus
685 749 918 792 saevirent:
962 749 1052 792 sive
1088 747 1184 792 finis
1215 748 1325 793 bello
1355 750 1541 793 venisset
1570 762 1646 792 seu
1685 762 1900 793 resumere

137 842 257 874 arma
292 828 487 882 mallent,
526 829 695 871 unicum
735 829 859 871 victis
900 830 941 872 in
971 841 1177 873 consensu
1216 830 1510 873 levamentum.
1555 830 1707 873 ceteris
1737 829 1898 873 fractus

137 910 325 954 animus:
356 909 652 964 praetorianus
680 908 800 952 miles
829 922 912 952 non
934 909 1091 953 virtute
1121 923 1167 953 se
1197 911 1272 953 sed
1302 909 1541 964 proditione
1560 910 1718 953 victum
1747 909 1898 953 freme-

137 989 223 1034 bat.
267 1003 320 1034 ne
349 988 588 1032 Vitellianis
628 989 799 1043 quidem
837 991 1100 1033 incruentam
1137 989 1268 1033 fuisse
1306 990 1546 1043 victoriam,
1587 990 1709 1044 pulso
1745 991 1898 1045 equite,

136 1072 263 1125 rapta
290 1069 468 1124 legionis
499 1069 664 1124 aquila3
707 1081 929 1123 superesse
959 1082 1052 1113 cum
1082 1071 1176 1125 ipso
1205 1070 1370 1113 Othone
1407 1069 1587 1113 militum
1627 1071 1741 1125 quod
1780 1074 1898 1113 trans

137 1149 301 1194 Padum
330 1148 481 1202 fuerit,
511 1150 652 1192 venire
682 1149 889 1193 Moesicas
918 1150 1126 1205 legiones3
1158 1163 1352 1204 magnam
1383 1151 1592 1193 exercitus
1623 1154 1787 1205 partem
1816 1151 1898 1194 Be·
1914 1162 1957 1193 10

138 1230 272 1274 driaci
301 1230 575 1274 remansisse:
615 1229 693 1273 hos
723 1233 836 1273 certe
866 1231 1051 1273 nondum
1081 1231 1238 1285 victos,
1269 1234 1311 1273 et
1341 1231 1377 1273 si
1408 1231 1471 1273 ita
1499 1229 1650 1284 ferret,
1679 1231 1899 1274 honestius

136 1310 181 1354 in
210 1310 301 1354 acie
327 1310 552 1364 perituros.
597 1309 664 1352 his
695 1310 1017 1365 cogitationibus
1055 1314 1196 1354 truces
1235 1314 1311 1354 aut
1349 1311 1494 1365 pavidi
1523 1314 1712 1354 extrema
1751 1312 1899 1366 despe-

138 1391 303 1435 ratione
333 1391 389 1434 ad
417 1391 523 1434 iram
553 1390 724 1444 saepius
754 1403 881 1444 quam
910 1391 952 1433 in
983 1389 1248 1434 formidinem
1279 1390 1619 1434 stimulabantur.

249 1471 342 1526 (45)
375 1471 436 1514 At
463 1470 719 1514 Vitellianus
749 1471 958 1514 exercitus
988 1472 1044 1514 ad
1074 1472 1268 1526 quintum
1297 1484 1323 1514 a
1351 1471 1558 1514 Bedriaco
1587 1471 1772 1525 lapidem
1802 1484 1897 1514 con-

136 1551 268 1605 sedit,
309 1563 392 1594 non
435 1551 551 1593 ausis
591 1550 769 1594 ducibus
807 1551 952 1594 eadem
993 1552 1062 1595 die
1091 1552 1446 1606 obpugnationem
1475 1554 1732 1605 castrorum;
1774 1551 1899 1594 simul
1916 1563 1956 1594 15

135 1630 375 1675 voluntaria
413 1631 574 1674 deditio
615 1630 876 1685 sperabatur.
936 1632 1013 1674 sed
1053 1632 1260 1686 expeditis
1302 1635 1347 1675 et
1387 1634 1555 1675 tantum
1598 1633 1654 1675 ad
1693 1631 1900 1686 proelium

136 1711 318 1766 egressis
346 1711 652 1754 munimentum
681 1710 799 1755 fuere
828 1725 947 1754 arma
967 1715 1010 1754 et
1029 1712 1218 1755 victoria.
1266 1715 1439 1766 postera
1459 1713 1527 1755 die
1557 1712 1672 1755 haud
1702 1711 1900 1765 ambigua

136 1791 364 1835 Othoniani
392 1792 602 1835 exercitus
631 1791 849 1835 voluntate
877 1795 931 1845 et,
962 1793 1035 1846 qui
1054 1791 1280 1835 ferociores
1300 1791 1482 1846 fuerant,
1513 1793 1569 1835 ad
1598 1792 1899 1847 paenitentiam

137 1870 435 1916 inclinantibus
465 1872 595 1915 missa
622 1871 801 1926 legati03
831 1884 909 1915 nec
939 1873 1053 1926 apud
1082 1872 1210 1915 duces
1242 1872 1490 1916 Vitellianos
1522 1872 1762 1915 dubitatum
1776 1874 1793 1925 ,'
1816 1886 1898 1927 quo

234 1999 254 2030 5
278 1997 360 2038 ipsis
384 1997 477 2037 edib;
502 1996 637 2037 (poster.
662 2008 678 2028 s
701 1997 736 2028 in
759 2007 777 2028 c
799 2002 873 2028 mut.
893 1997 956 2038 lm)
1027 1998 1172 2029 seuirent
1243 1999 1262 2028 6
1287 1999 1404 2038 ceteris
1475 2000 1563 2030 6—-8
1589 1999 1705 2030 ceteris
1723 2016 1764 2022 —
1782 2000 1898 2030 freme—

137 2044 195 2075 bat
211 2048 287 2084 poet
309 2043 471 2084 perituros
494 2042 534 2086 (v.
556 2042 612 2084 12)
636 2043 772 2074 collocat
802 2043 846 2074 W.
872 2043 1067 2074 Dieckmann
1151 2045 1172 2075 8
1196 2045 1370 2075 Incruenta
1447 2047 1490 2076 14
1514 2044 1667 2084 bedriaco
1739 2047 1780 2076 16
1805 2055 1898 2084 prae-

137 2090 218 2122 lium
312 2091 352 2121 18
378 2089 521 2120 exercitu
612 2090 824 2129 penitentiam
918 2092 959 2121 19
984 2090 1104 2129 legatio
1129 2099 1189 2121 nec
1213 2090 1300 2130 apud
1327 2090 1482 2121 Palma.-
1505 2091 1678 2130 legatione.
1702 2091 1807 2131 capud

138 2191 336 2235 στρατηγῶν
383 2186 461 2225 οὔτε
507 2190 664 2234 Πρόκλος
712 2186 790 2225 οὔτε
835 2189 1002 2229 Παυλῖνος
1036 2190 1094 2224 καὶ
1125 2191 1351 2235 παρεμυθεῖτο
1384 2190 1462 2231 τοὺς
1492 2190 1531 2226 ἐκ
1554 2193 1620 2235 τῆς
1644 2190 1759 2237 μάχης
1783 2193 1882 2226 συλλε

138 2249 360 2283 συνεισελθεῖν
385 2245 576 2291 ἐτόλμησαν
588 2272 596 2288 ,
628 2244 713 2290 α’λλῗ
725 2246 891 2288 ἐξέκλιναν
901 2272 909 2288 ,
942 2258 999 2291 φο·
1035 2248 1212 2292 γομένους,
1252 2246 1281 2282 oi
1293 2260 1308 2286 ς
1342 2244 1364 2281 οἷ
1376 2259 1396 2291 γ
1405 2260 1427 2293 χ
1437 2259 1464 2282 ω
1475 2260 1500 2291 μ
1510 2246 1531 2283 οἱ
1546 2249 1563 2282 λ
1574 2260 1618 2282 ου
1651 2260 1672 2292 γ
1683 2260 1727 2292 εγ
1740 2259 1778 2283 εν
1788 2260 1811 2292 η
1823 2261 1847 2292 μ
1859 2247 1896 2283 έ-

138 2303 294 2352 βοῦμενοι
314 2302 394 2343 τούς
419 2302 639 2347 στρατιώτας.
665 2323 708 2328 -
748 2306 779 2336 si
809 2306 856 2336 ita
879 2303 998 2349 ferret]
1035 2317 1082 2348 νη
1095 2317 1111 2344 ς
1134 2305 1209 2339 καὶ
1234 2306 1413 2344 πολλοῖς
1443 2316 1487 2339 κε
1499 2318 1520 2339 κ
1533 2317 1549 2349 ρ
1561 2316 1643 2348 ατη
1655 2303 1701 2340 κὸ
1714 2317 1762 2339 τοι
1774 2317 1790 2344 ς
1825 2304 1896 2349 μέ-

138 2368 174 2396 ut
196 2365 282 2396 Anu.
309 2365 340 2402 3,
368 2364 419 2395 15.
445 2381 488 2386 -
512 2362 625 2403 ενασεσ]
651 2363 849 2402 praetoriani
875 2360 998 2406 (qua-m·
1036 2373 1053 2404 ρ
1070 2374 1086 2397 ε
1098 2373 1119 2396 σ
1129 2377 1140 2397 ι
1170 2363 1224 2397 τῶ
1238 2374 1253 2396 ν
1285 2373 1308 2396 π
1321 2373 1337 2395 ο
1347 2363 1364 2395 λ
1375 2373 1390 2396 ε
1401 2374 1426 2405 μ
1437 2361 1447 2396 ί
1459 2374 1487 2396 ω
1496 2374 1521 2396 ν.
1571 2362 1659 2394 Galli
1691 2363 1792 2404 igitur
1826 2373 1897 2395 ora-

141 2431 257 2462 quem,
292 2421 319 2452 si
343 2420 519 2455 Plutarcho
543 2420 640 2459 fides,
678 2421 765 2452 male
789 2419 997 2460 pugnarant),

130 2479 252 2520 pavidi
272 2477 382 2517 ceteri,
408 2477 480 2517 quis
504 2477 626 2508 fractus
651 2477 788 2509 animus.
827 2478 886 2509 Ed.
912 2477 996 2517 Spir.

137 2536 226 2568 haud
253 2536 387 2577 pavidi,
425 2535 471 2566 uti
508 2535 578 2565 vult
611 2535 743 2566 Dureau
777 2535 817 2566 de
841 2535 997 2566 Lamalle.

135 2594 332 2634 Perperam:
365 2592 530 2623 ablativus
553 2591 602 2623 hie
627 2592 865 2631 coyitationibua
899 2592 997 2632 perti-

136 2654 192 2683 net
214 2651 256 2682 ad
278 2655 381 2682 tmeee
403 2652 548 2689 tantum,
584 2659 649 2680 non
673 2650 714 2681 ad
731 2650 857 2690 pavidi.
894 2650 998 2680 WAL-

136 2715 237 2740 mn.
286 2707 376 2739 Nihil
410 2707 444 2737 in
471 2707 533 2738 hoc
567 2707 672 2747 capite
706 2708 850 2746 mutavi,
887 2716 998 2747 quam·

137 2774 233 2805 quam
266 2764 346 2795 mihi
369 2773 497 2804 quoque
529 2774 719 2804 persuasum
753 2768 802 2796 est
825 2764 928 2795 verba
959 2773 998 2794 ne

144 2821 318 2854 Viteaianis
358 2821 484 2860 quidem
507 2839 551 2845 —
578 2823 739 2862 perituros
776 2822 863 2852 Anni
899 2821 996 2859 Galli,

137 2888 202 2911 non
225 2879 506 2920 praetorianorum
540 2888 622 2911 esse.
671 2882 746 2910 sunt
778 2879 864 2910 enim
895 2879 997 2910 mani-

138 2936 220 2968 festo
244 2936 334 2967 ducis
357 2936 549 2977 mitigantis,
574 2946 638 2967 non
663 2937 803 2967 militum
828 2936 996 2968 seditioso-

138 3001 210 3024 rum
233 2993 380 3033 proditos
403 3003 439 3025 ee
464 3004 536 3025 esse
561 2994 775 3025 frementium.
813 2994 914 3024 iratos
939 2994 996 3023 mi-

139 3049 213 3081 lites
247 3050 313 3081 alia
336 3051 482 3082 oratione
516 3061 631 3082 usuros
665 3052 765 3082 fuisse
790 3055 911 3082 certum
936 3053 996 3089 est,

139 3107 179 3137 ef.
204 3108 244 3145 4,
268 3108 311 3139 24
335 3110 367 3139 ot
390 3108 442 3139 2⁷.
477 3111 510 3139 et
540 3108 643 3140 verba
673 3109 829 3139 honestius
862 3109 896 3139 in
927 3108 996 3138 acie

134 3162 294 3203 perituros
327 3173 435 3195 nonne
468 3169 579 3205 aperte
613 3166 791 3206 respiciunt
814 3166 855 3196 ad
877 3166 936 3196 illa
959 3175 997 3195 ne

139 3229 233 3259 super
268 3219 390 3251 cladem
421 3221 575 3253 adversae
607 3234 736 3263 puynae
769 3223 896 3255 suismet
935 3223 1001 3263 ipsi

138 3276 287 3308 caedibus
311 3277 492 3309 saevirent?
537 3279 628 3311 Idem
663 3281 759 3312 docet
790 3281 998 3319 Plutarchus,

139 3334 195 3373 qui
229 3332 304 3365 oth.
331 3335 372 3365 13
408 3335 487 3366 haee
521 3335 561 3366 de
596 3337 704 3368 Annio
743 3337 842 3369 Gallo
879 3338 998 3368 refert:

1035 2421 1155 2451 tionem
1188 2431 1242 2451 vv.
1271 2420 1381 2450 ceteris
1405 2439 1446 2444 —
1472 2421 1634 2460 fremebat
1664 2430 1766 2460 prave
1799 2417 1896 2452 inter—

1035 2479 1139 2517 rumpi
1165 2487 1224 2518 pro
1248 2481 1335 2509 certo
1360 2477 1476 2517 habeo,
1507 2487 1571 2516 qua
1594 2478 1718 2509 ratione
1742 2478 1892 2510 turbatus

1034 2536 1123 2566 locus
1147 2536 1255 2566 sanari
1278 2535 1389 2575 possit,
1414 2534 1543 2576 neseio;
1567 2544 1671 2575 neque
1688 2536 1774 2567 enim
1791 2539 1895 2567 trans·

1034 2592 1229 2632 positionem
1254 2596 1375 2623 certam
1399 2592 1559 2623 medelam
1583 2591 1700 2623 iudico.

1080 2708 1132 2739 45.
1180 2705 1438 2746 obpugmacionem
1472 2704 1661 2749 castrorum]
1698 2716 1801 2746 prope
1833 2707 1893 2738 Be-

1034 2765 1197 2803 driacum3
1222 2764 1408 2803 neutiquam
1433 2773 1512 2794 vero
1537 2773 1660 2802 eorum,
1685 2773 1768 2803 quae
1792 2763 1892 2795 Otho—

1034 2822 1122 2852 niani
1157 2823 1389 2861 promoverant
1424 2821 1465 2851 ad
1497 2824 1646 2860 quartum
1681 2830 1701 2851 a
1735 2822 1894 2853 Bedriaco

1034 2888 1180 2918 quaeque
1213 2882 1289 2909 tunc
1322 2878 1450 2909 deserta
1485 2888 1558 2908 esse
1592 2877 1755 2917 videntur,
1793 2888 1821 2909 c.
1841 2881 1893 2910 39.

1033 2938 1073 2968 cf.
1107 2936 1300 2967 Plutarchus
1331 2934 1369 2965 O.
1408 2935 1469 2966 13:
1495 2929 1628 2972 ’Ἄννιος
1659 2931 1790 2973 Γάλλος
1822 2931 1893 2968 ‹ive-

1034 2991 1200 3036 λάμβανεν
1225 2990 1266 3025 ἐν
1290 2990 1343 3035 τῇ
1367 2987 1499 3024 πόλει
1532 2991 1714 3034 (Bedriaci,
1740 2992 1795 3023 ubi
1819 2995 1894 3032 post

1033 3051 1127 3081 illum
1151 3051 1276 3089 lapsum
1299 3049 1373 3087 equi
1398 3048 1440 3087 (c.
1458 3049 1515 3088 33)
1539 3046 1701 3092 degebat).
1726 3067 1770 3072 —
1794 3050 1893 3080 mimi-

1033 3105 1178 3149 mentum]
1215 3116 1274 3146 pro
1310 3105 1528 3143 munimento,
1572 3114 1635 3144 quo
1671 3106 1894 3138 instrumentis

1034 3168 1109 3195 tunc
1135 3163 1277 3195 destituti
1302 3162 1429 3202 saepire
1454 3172 1488 3193 se
1514 3162 1710 3201 nequibant,
1737 3172 1775 3193 ea
1799 3166 1894 3195 nocte

1034 3221 1093 3252 sub
1118 3222 1216 3252 armis
1240 3223 1449 3258 manserunt,
1479 3223 1576 3258 atque
1599 3228 1658 3259 per
1682 3229 1716 3250 se
1741 3220 1820 3250 satis
1844 3230 1893 3251 se-

1034 3278 1178 3310 curitatis
1203 3277 1249 3308 eis
1273 3276 1451 3316 praebebat
1475 3276 1621 3307 victoria.
1647 3293 1690 3299 —
1728 3285 1784 3307 nec
1807 3276 1896 3316 apud

1034 3337 1126 3367 duces
1159 3334 1342 3365 Vitellianos
1367 3331 1551 3377 dubitamus]
1574 3333 1659 3364 Plut.
1679 3332 1719 3363 Ο.
1746 3334 1808 3365 13:
1833 3332 1893 3366 τοῦ

130 3385 262 3428 Ἀννιος
284 3388 323 3424 δὲ
347 3388 477 3430 Γάλλος
509 3388 734 3437 ἀνελάμβανεν
770 3392 802 3427 ἐν
828 3394 870 3437 τῇ
904 3390 1000 3427 πόλει
1034 3390 1072 3427 δὲ
1097 3389 1223 3424 Κεκίνα
1256 3388 1522 3433 προσελάσαντος
1552 3389 1601 3434 τῷ
1634 3387 1725 3434 ἵππῳ
1751 3388 1809 3422 καὶ
1831 3386 1892 3433 τήν
