2176 3672
727 250 901 294 LIBER
929 250 962 293 1.
1023 249 1124 305 Cap.
1158 250 1222 294 18.
1256 250 1321 294 19.
1352 249 1420 294 20.
1886 249 1970 294 247

193 364 467 419 ficisceretur,
496 365 656 408 maiore
682 368 919 419 praetexto,
948 364 1012 408 illi
1041 366 1340 409 auctoritatem
1369 370 1555 419 senatus,
1585 365 1654 408 hic
1684 365 1970 419 dignationem

194 445 390 501 Caesaris
418 446 613 490 lamma>
626 436 823 499 placebat
852 448 896 488 et
916 445 1128 488 Laconem
1158 447 1364 500 praetorii
1386 446 1649 501 praefectum
1677 445 1804 488 simul
1833 446 1968 488 mitti:

194 525 232 569 is
251 525 428 569 consilio
458 525 708 568 intercessit.
739 524 872 579 legati
891 538 1059 580 quoque
1088 525 1205 580 (nam
1227 532 1401 570 senatus
1426 527 1673 570 electionem
1692 525 1854 569 Galbae
1873 538 1970 580 per-

194 605 389 660 miserat)
403 604 528 648 foeda
546 605 830 647 inconstantia
850 605 1057 648 nominati
1078 607 1268 649 excusati
1286 606 1522 660 substituti,
1545 606 1707 649 ambitu
1726 606 1971 650 remanendi

194 689 271 728 aut
299 686 440 738 eundi,
468 689 517 728 ut
536 697 745 739 quemque
773 689 911 728 metus
933 685 998 728 vel
1024 698 1122 740 spes
1145 687 1368 741 inpulerat.
1428 687 1523 742 (20)
1552 687 1746 741 proxima
1767 686 1973 740 pecuniae
2007 696 2028 727 5

194 777 316 818 cnra;
355 769 400 808 et
428 768 580 808 cuncta
609 765 898 808 scrutantibus
928 766 1208 809 iustissimum
1238 767 1375 810 visum
1404 770 1471 810 est
1499 767 1598 810 inde
1625 766 1775 821 repeti,
1804 766 1878 809 ubi
1907 767 1971 809 in-

193 845 318 900 opiae
345 857 476 889 causa
503 849 607 888 erat.
637 844 704 888 bis
734 849 777 888 et
805 846 933 889 vicies
963 846 1100 889 milies
1131 848 1376 890 sestertium
1397 847 1694 890 donationibus
1723 845 1837 889 Nero
1867 845 1970 889 effu-

193 925 329 969 derat.
360 924 569 980 appellari
597 925 786 979 singulos
810 926 949 979 iussit,
979 927 1156 970 decuma
1175 931 1299 981 parte
1317 927 1588 970 liberalitatis
1618 928 1735 981 apud
1763 939 1973 981 quemque

194 1017 341 1049 eorum
369 1005 530 1048 relicta.
572 1008 618 1047 at
656 1005 740 1048 iuis
778 1005 848 1048 vix
878 1007 1079 1049 decumae
1115 1020 1244 1061 super
1281 1007 1499 1061 portiones
1530 1011 1663 1061 erant,
1704 1008 1840 1050 isdem
1870 1019 1972 1061 erga

195 1084 335 1129 aliena
362 1084 616 1139 sumptibus,
654 1085 808 1140 quibus
847 1098 927 1129 sua
955 1087 1264 1141 prodegerant‚
1304 1099 1400 1129 cum
1429 1088 1705 1141 rapacissimo
1742 1088 1893 1142 cuique
1923 1100 1972 1130 ac
1988 1097 2030 1128 io

194 1166 483 1220 perditissimo
502 1178 584 1208 non
606 1166 699 1219 agri
720 1170 796 1208 aut
816 1165 977 1219 faenus,
1008 1167 1085 1210 sed
1104 1166 1198 1210 sola
1214 1167 1498 1210 instrumenta
1520 1168 1721 1210 vitiorum
1741 1172 1969 1211 manerent.

194 1246 402 1289 exactioni
421 1245 600 1300 triginta
618 1246 781 1300 equites
795 1246 975 1289 Romani
993 1247 1241 1301 praepositi,
1270 1260 1426 1290 novum
1446 1246 1574 1291 officii
1596 1260 1728 1302 genus
1749 1252 1792 1291 et
1809 1248 1971 1291 ambitu

194 1338 245 1369 ac
271 1338 446 1369 numero
475 1338 712 1368 onerosum.
742 1325 899 1380 ubique
921 1326 1047 1369 hasta
1066 1331 1110 1369 et
1130 1330 1271 1370 sector
1293 1331 1335 1370 et
1355 1327 1545 1382 inquieta
1569 1328 1671 1371 urbs
1692 1327 1969 1382 auctionibus.

193 1417 244 1450 ac
271 1409 412 1449 tamen
441 1406 604 1460 grande
632 1406 859 1460 gaudium,
901 1407 1015 1460 quod
1054 1410 1142 1449 tam
1180 1420 1391 1462 pauperos
1419 1407 1561 1451 forent
1589 1408 1742 1463 quibus
1773 1409 1974 1451 donasset

284 1557 302 1587 1
327 1557 496 1595 praetexto
520 1553 684 1595 Wolfflin:
706 1558 880 1595 praetextu
903 1557 1091 1596 (praetexti
1109 1555 1175 1598 2m)
1244 1557 1303 1588 ine
1372 1558 1392 1588 3
1418 1558 1471 1589 his
1537 1561 1561 1591 4
1585 1558 1662 1598 seda
1730 1558 1892 1590 excusatis
1916 1558 1975 1588 sed

191 1611 275 1634 cmv.
345 1603 365 1633 5
390 1610 520 1642 quenq3
592 1603 610 1634 7
635 1601 742 1632 milies
764 1601 918 1641 la'pintus:
941 1603 1030 1633 mille
1099 1604 1120 1634 8
1144 1612 1276 1644 quenq3
1348 1605 1367 1634 9
1392 1604 1441 1635 illi
1513 1606 1555 1636 12
1580 1604 1761 1636 exactionis
1784 1605 1882 1647 (corr.
1904 1603 1970 1646 2m)

196 1651 237 1680 1³
261 1647 467 1679 auctionibus
489 1647 680 1678 Bhenanus.-
702 1648 889 1679 actionibus
960 1650 1004 1680 14
1027 1649 1207 1680 donassent
1230 1649 1287 1680 sed
1310 1660 1330 1680 n
1357 1648 1418 1680 del.
1444 1652 1504 1681 2m.

191 1786 269 1818 Kal.
293 1785 391 1818 Febr.
416 1785 474 1828 (15
499 1785 530 1816 d.
555 1783 640 1827 Ian.)
664 1803 709 1808 —-
741 1785 864 1816 maiore
878 1785 1061 1827 praecedo]
1076 1792 1081 1861 Ι
1098 1795 1234 1826 οπισεν,
1271 1781 1313 1825 ἃς
1337 1783 1356 1820 ὅ
1380 1783 1522 1832 Γάλβας
1553 1785 1746 1830 ἐκομίσατο.
1794 1787 1859 1819 Hic
1890 1797 1972 1819 vero

192 1843 328 1874 maioris
352 1842 521 1882 dignitatis
545 1842 666 1883 specie,
689 1845 725 1873 ut
747 1838 945 1886 πρόσχημα.
971 1853 997 1874 c.
1019 1844 1060 1874 ⁷6

191 1899 251 1933 aed
270 1904 341 1931 crat
362 1900 487 1938 prande
510 1903 695 1930 momentum
711 1899 746 1930 in
761 1900 885 1931 nomiroe
908 1900 996 1931 urbia
1021 1911 1062 1931 ae

184 1962 355 1998 praecedo
380 1961 519 1987 semna.
566 1956 616 1988 cf.
642 1955 717 1987 Seu.
742 1956 805 1997 Ep.
830 1959 883 1996 ⁷1,
909 1959 949 1989 9:
980 1957 1064 1988 alud

185 2014 433 2056 padam-‘neca
466 2013 517 2044 rei
540 2013 690 2053 publicae
718 2019 940 2054 praetextum,
980 2014 1061 2054 opti-

191 2076 311 2110 nates,
349 2071 406 2102 ubi
445 2071 522 2102 vide
562 2070 777 2102 Gronovium.
823 2072 933 2104 Minus
972 2076 1061 2103 recte

191 2129 364 2160 Walther:
400 2128 579 2168 „agitatum
604 2131 672 2168 est,
703 2138 783 2160 num
807 2133 840 2160 et
861 2130 939 2160 Piso
962 2130 1061 2169 profi-

192 2187 368 2218 cisceretur
399 2186 440 2216 ad
473 2185 651 2216 sedandam
684 2186 823 2217 militum
856 2187 1060 2226 seditionem,

191 2244 239 2275 ita
261 2247 391 2282 tamen,
427 2246 462 2273 nt
485 2251 552 2273 non
575 2243 675 2283 haec,
711 2244 770 2275 sed
802 2244 869 2275 alia
900 2244 1062 2283 quaedam

1097 1848 1249 1875 narratur
1272 1845 1347 1875 ideo
1371 1845 1590 1884 potissimum,
1615 1845 1692 1885 quia
1715 1845 1778 1876 hae
1801 1845 1895 1884 ipsae
1915 1854 1971 1875 ex-

1098 1902 1243 1933 actiones
1259 1902 1294 1932 in
1311 1911 1409 1933 causa
1426 1906 1528 1941 erant,
1550 1912 1607 1933 cur
1622 1906 1672 1934 tot
1687 1903 1777 1934 cives
1793 1906 1971 1942 propterea

1096 1959 1172 1989 irati
1205 1962 1303 1998 atque
1335 1960 1454 1990 irritati
1486 1969 1526 1991 eo
1550 1960 1735 2000 promptius
1758 1969 1779 1990 a
1803 1958 1913 1991 Galba
1936 1962 1970 1991 et

1097 2017 1217 2048 Pisone
1242 2016 1469 2048 desciscerent.
1517 2016 1671 2048 Ceterum
1694 2017 1736 2048 cf.
1751 2017 1838 2047 Plut.
1856 2015 1897 2047 G.
1916 2019 1969 2049 16.

1098 2073 1187 2104 Suet.
1212 2073 1252 2104 G.
1280 2076 1332 2105 15.
1367 2091 1411 2096 —
1446 2083 1542 2115 super
1565 2075 1730 2114 portiones
1764 2071 1871 2116 erant]
1909 2083 1970 2113 per

1097 2130 1216 2161 tmesin
1246 2140 1306 2171 pro
1338 2136 1535 2171 supererant.
1583 2131 1683 2172 Verg.
1715 2133 1798 2162 Aen.
1834 2133 1853 2162 2
1867 2153 1876 2170 ‚
1902 2132 1968 2163 56⁶1

1097 2187 1226 2226 Iamque
1250 2188 1332 2219 adeo
1356 2198 1451 2228 super
1473 2198 1555 2220 unus
1569 2198 1669 2220 eram.
1719 2189 1749 2226 ⁵1,
1769 2189 1833 2220 559
1859 2188 1891 2219 σι’
1903 2199 1970 2227 qua

1097 2254 1192 2284 super
1213 2246 1355 2285 somma
1383 2245 1528 2276 laborum
1560 2250 1615 2277 cst.
1661 2245 1731 2276 Ecl.
1757 2247 1795 2283 6,
1821 2247 1841 2276 6
1874 2255 1970 2285 super

191 2299 326 2341 gravior
372 2309 471 2332 cansa
516 2299 711 2340 profectioni
755 2301 1060 2340 praetenderetur.“
1096 2301 1156 2333 tibi
1175 2307 1275 2333 σπωι.
1322 2302 1420 2334 Ovid.
1446 2303 1536 2334 Fast-
1560 2303 1580 2333 5
1593 2325 1602 2340 ,
1628 2303 1694 2335 600
1726 2312 1790 2333 nox
1821 2302 1882 2333 erit
1902 2313 1970 2333 ma

195 2357 386 2398 Quaenam,
410 2366 548 2396 quaeso,
573 2358 706 2397 gravior
730 2367 829 2390 causa
852 2362 931 2390 tunc
953 2359 1062 2398 ipsum
1096 2369 1200 2399 super.
1250 2360 1349 2392 Corn.
1381 2361 1466 2400 Nep.
1497 2360 1568 2391 Alc.
1599 2361 1620 2392 8
1649 2363 1782 2400 practer
1813 2369 1907 2390 arum
1939 2363 1969 2390 ee

194 2415 344 2447 obtentui
389 2414 473 2446 sumi
518 2414 670 2454 poterat?
728 2416 829 2447 Recte
867 2415 1061 2447 Louandre:
1096 2417 1190 2448 navus
1212 2417 1295 2448 m‘hil
1316 2422 1387 2448 erae
1410 2427 1516 2458 ευμεν.
1542 2435 1586 2441 -
1615 2416 1844 2457 prodegerant]
1877 2416 1965 2447 Plut.

188 2471 1061 2513 pomae-mphsdesolenniaeat’ambamde.—

193 2529 330 2571 mua]
353 2539 394 2561 eo
417 2529 513 2569 redit,
538 2530 626 2569 qnod
641 2539 729 2561 nunc
745 2530 856 2561 dicunt
878 2539 1062 2570 repraesen-

193 2591 329 2619 tama.
375 2586 513 2617 Dumm-
568 2587 721 2620 Ceterum
767 2588 939 2619 audaciore
986 2597 1062 2619 con-

191 2644 368 2676 structione
401 2652 479 2675 usus
512 2647 585 2683 est,
621 2654 697 2676 nam
719 2645 772 2676 iai
791 2645 933 2676 refertur
955 2645 997 2676 ad
1020 2645 1063 2675 le-

193 2701 279 2742 vati,
314 2700 401 2740 quod
425 2701 619 2740 cogitatione
651 2702 868 2743 supplendum
892 2706 960 2734 est:
996 2702 1064 2741 aqi-

192 2763 294 2790 mm
316 2763 451 2797 moreto,
475 2769 550 2789 mm
571 2763 601 2790 et
622 2758 696 2790 Piso
713 2759 973 2800 proficisceretur
994 2760 1062 2792 scil.

194 2825 261 2847 non
284 2816 386 2856 legati
408 2818 545 2847 tantum.
573 2833 615 2840 —
639 2816 769 2857 ambitu]
794 2818 905 2856 „Dum
928 2818 985 2848 alii
1005 2827 1064 2857 per

133 2914 139 2917 ,
193 2873 334 2913 gratiam
369 2876 633 2912 consequuntur,
667 2877 703 2905 ut
725 2874 907 2906 liberentur
930 2884 950 2905 a
973 2875 1063 2913 lega-

196 2929 295 2969 tione,
320 2930 375 2961 alii
398 2930 446 2962 ire
469 2931 638 2971 cupiunt.“
677 2931 765 2963 Ean.

239 2987 291 3019 20.
337 2987 403 3019 Bes
423 2987 458 3018 in
474 2987 538 3019 hoc
553 2988 659 3029 capite
683 2992 818 3020 narrata
839 2989 944 3020 multo
967 2988 1062 3029 prius

194 3041 323 3084 ine-pta
355 3047 443 3086 erat3
482 3045 603 3076 etenim
636 3055 698 3086 per
731 3047 947 3085 quadriduum
980 3045 1062 3076 illud

194 3098 280 3131 hanc
301 3101 504 3133 exactionem
521 3103 656 3142 exsequi
679 3112 887 3143 nequaquam
910 3104 1063 3142 poterant

193 3155 328 3196 triginta
350 3158 398 3188 illi
422 3159 567 3199 equites;
602 3164 635 3190 et
657 3160 723 3191 Dio
748 3161 809 3199 63,
838 3161 878 3191 14
904 3160 990 3191 clare
1015 3162 1061 3189 te-

1099 2475 1120 2504 l.
1145 2475 1187 2504 1.:
1220 2470 1440 2516 ἀνηλώκεσαν
1473 2470 1538 2516 γὰρ
1571 2473 1602 2507 οἱ
1633 2474 1782 2507 πλεῖστοι
1811 2471 1879 2506 τῶν
1913 2473 1969 2506 λα-

1100 2528 1244 2575 βόντων,
1281 2527 1449 2573 ἐφήμεροι
1482 2529 1542 2564 καὶ
1575 2528 1749 2572 σατυρικοὶ
1778 2531 1849 2566 τοῖς
1882 2527 1966 2573 βίοις

1098 2583 1279 2629 ἄνῇρωποι.
1303 2605 1348 2611 -
1371 2588 1515 2629 tr-iqn'ma]
1540 2587 1627 2619 Suet.
1646 2586 1686 2618 G.
1705 2588 1746 2619 15
1763 2586 1862 2618 habet
1877 2587 1968 2625 quin-

1100 2645 1254 2684 quaqinta
1264 2655 1278 2684 ;
1312 2655 1410 2684 quam
1435 2646 1660 2676 diversitatem
1684 2643 1899 2676 casaubonus
1922 2644 1970 2675 ita

1099 2703 1285 2741 componit,
1310 2707 1346 2733 ut
1369 2704 1411 2734 ob
1436 2703 1664 2734 difficultatem
1688 2701 1811 2741 negotii
1834 2701 1969 2741 triginta

1099 2759 1263 2799 prioribus
1288 2760 1406 2799 viginti
1439 2760 1567 2791 additos
1590 2758 1783 2798 suspicetur.
1817 2758 1966 2790 wan-11.

1100 2834 1143 2840 —
1168 2817 1288 2848 ambitu
1311 2828 1352 2847 ac
1375 2827 1503 2847 nurnero
1526 2813 1702 2858 oneromm]
1730 2815 1900 2855 „intellige
1924 2816 1968 2847 ci-

1100 2873 1193 2904 vitati
1216 2874 1264 2916 (id
1287 2874 1406 2905 docent
1421 2874 1523 2905 verba
1538 2882 1610 2912 sqq.
1627 2871 1740 2911 ubit-nae
1762 2872 1857 2903 ham
1881 2871 1968 2916 etc.),

1099 2940 1164 2961 non
1190 2931 1354 2969 equitibus
1378 2931 1421 2962 ad
1443 2931 1477 2961 id
1493 2930 1637 2962 delectis.
1662 2929 1783 2960 amm
1806 2929 1837 2960 h.
1856 2939 1884 2960 e.
1910 2939 1968 2969 po-

1098 2991 1214 3019 testate
1238 2987 1334 3018 latius
1358 2990 1491 3027 patente
1518 2987 1694 3029 (Umi’ang,
1727 2986 1969 3026 ausgedehnter

1098 3041 1394 3087 Wirkungskreis).
1427 3053 1555 3075 numero
1577 3053 1622 3075 sc.
1640 3042 1729 3083 quod
1744 3043 1879 3083 triginta
1901 3047 1968 3074 tam

1098 3110 1237 3132 onerosa
1260 3104 1422 3140 potestate
1446 3104 1539 3132 erant
1562 3100 1713 3141 praediti,
1738 3110 1804 3132 non
1828 3101 1892 3132 dno
1911 3102 1967 3133 vel

1098 3161 1197 3190 tres.⁴‘
1238 3158 1318 3188 haec
1342 3157 1540 3188 warnanz
1576 3157 1751 3197 explicatio
1787 3161 1820 3189 et
1843 3158 1967 3198 simpli-

193 3217 297 3245 atatm·
321 3215 408 3246 dona
430 3216 588 3247 eiusmodi
613 3217 688 3248 inde
712 3227 730 3248 e
756 3216 895 3247 Graecia
923 3215 1062 3255 repetita
1096 3216 1194 3246 citato
1218 3221 1250 3246 et
1273 3214 1412 3246 veritate
1446 3214 1615 3255 probatur,
1650 3214 1706 3246 alii
1739 3215 1834 3247 aliter
1860 3217 1967 3247 locum

194 3279 287 3302 ease:
322 3267 356 3312 (ὅ
380 3269 514 3314 Νέρων)
546 3271 590 3317 τῇ
627 3271 746 3316 Πυθίᾳ
777 3271 863 3307 δέκα
894 3270 1061 3315 μυριάδας
1097 3273 1363 3311 interpretantur.
1400 3271 1442 3302 ad
1472 3270 1623 3303 ambiam
1657 3272 1699 3303 cf.
1724 3272 1808 3303 Plut.
1836 3272 1875 3304 G.
1902 3276 1965 3305 16:

195 3323 342 3367 ἔδωκεν,
376 3322 430 3362 ὅτι
459 3326 532 3363 τινὰ
565 3326 654 3364 κατὰ
686 3326 823 3373 γνώμην
856 3324 959 3363 αὐτοῦ
984 3327 1060 3363 ehe-
1096 3327 1155 3362 τοῦ
1189 3326 1228 3363 δὲ
1259 3326 1456 3372 πράγματος
1488 3323 1566 3371 ὅρον
1598 3324 1660 3362 οὐκ
1693 3326 1844 3374 ἔχοντος,
1881 3325 1965 3363 α’λλά
