2176 3672
915 210 1018 270 Cap.
1041 214 1083 256 9.

1827 220 1876 261 21

0 339 35 386 3
103 330 194 379 Ἀθ
213 324 439 382 figuratum
468 323 589 367 docet
618 324 834 369 advectam
862 326 1119 383 religionem.
1150 331 1332 370 ceterum
1353 343 1431 372 nec
1450 329 1641 372 cohibere
1662 331 1883 387 parietibus

7 386 49 439 {2⁴
71 423 88 439 v.
103 399 216 449 &aa
252 414 390 459 neque
428 402 472 445 in
511 403 639 446 ullam
677 403 843 446 humani
885 404 968 446 oris
1009 405 1192 461 speciem
1227 392 1484 449 assimulare*
1510 421 1565 450 ex
1605 409 1884 464 magnitudine

7 442 56 479 i

41 620 49 655 ξ
70 612 80 651 A·
106 624 416 670 pvaeoet‘pn'ln'hus
431 625 557 658 oblatis
570 626 763 659 immolant.-
784 639 847 670 qua
867 632 974 661 tamen

109 674 337 708 namnum
349 675 501 707 Grimmio
513 685 627 707 canum
633 678 746 708 saltem
752 681 973 719 etaccipitrusn

63 716 75 748 f
84 754 86 757 v
94 721 285 761 ξζῙ-’ωΙιΕο
296 722 425 753 uidetur
434 723 591 754 fabulosa.
621 725 685 755 Cfr.
698 726 752 756 Gr.
763 727 805 757 M.
818 737 849 766 p.
862 729 911 765 38,
923 731 974 766 42,

66 804 68 806 v
94 769 173 815 ‘a
189 768 263 800 Eue
281 769 365 801 adde
387 780 469 810 quae
491 771 607 803 Curtze
630 773 791 804 disseruit.
827 775 974 807 Ceterum

64 810 382 855 &munaum
393 818 525 850 floribus
536 820 609 851 aliis
621 821 716 851 rebus
723 822 816 860 facta,
823 833 905 863 quae
918 835 975 855 cur

63 871 82 905 χῖ
93 881 98 899 2
109 859 168 895 mo
180 865 325 904 tenpore
338 866 444 896 locum
457 876 524 897 non
538 868 708 899 habuerint
722 870 802 900 nihil
817 875 867 902 est
881 881 973 904 caus-

103 909 179 949 fl,
201 911 332 943 Tacitus
357 915 473 945 omisit.
508 915 557 946 De
583 917 749 948 vocabulis
775 919 974 952 Germanicis

18 958 51 993 ²³5¹*
108 963 274 991 morum
288 961 428 1000 propriis
449 962 490 992 cf.
504 963 529 992 Ι.
546 964 676 1001 (ἱτίιιιιιι,
690 966 823 1005 Mythol.
838 977 869 1006 p.
885 969 922 998 31
940 968 973 999 ff.

6 1023 41 1042 „f
59 1048 61 1050 ι
108 1002 150 1037 In
170 1006 218 1038 eis
238 1003 325 1037 &ber
344 1018 481 1049 quoque,
504 1010 618 1042 Theot.
634 1021 749 1053 ηραν,
762 1011 877 1054 Zieser
892 1015 974 1054 (Un-

23 1053 28 1064 ”’
62 1057 65 1059 “
105 1052 266 1094 mer)
287 1056 459 1094 invenitur,
480 1059 568 1098 quod
581 1063 669 1091 recte
685 1070 757 1092 cum
771 1063 888 1094 Latino
902 1073 973 1095 voc.

8 1104 12 1111 ’
40 1110 43 1111 ’
111 1097 210 1143 dape,
225 1102 339 1134 Graec.
358 1101 511 1150 δαπάνη
526 1107 705 1139 conferunt.
726 1110 909 1141 Hostiarum
920 1122 973 1142 re-

109 1147 237 1189 liquias,
257 1153 445 1190 praesertim
466 1162 524 1184 ora
545 1164 571 1185 s.
593 1154 713 1196 capita
741 1157 917 1190 Gennanos
931 1169 974 1190 ex

108 1195 281 1230 Gboeibm
305 1200 512 1238 suspendisse
537 1202 633 1232 etiam
655 1203 785 1236 Tacitus
812 1207 902 1237 testis
924 1210 975 1237 est

110 1243 233 1283 Anu-1,
246 1247 296 1276 61.
313 1263 351 1269 -—
366 1244 524 1288 Martem]
538 1249 619 1280 nist.
632 1252 738 1288 4‚·64.‚
753 1252 836 1283 Ann-
853 1255 902 1289 13,
917 1256 973 1292 5⁷;

112 1289 236 1323 otha
253 1292 387 1334 Kythol.
410 1296 469 1325 175
484 1304 553 1335 sqq.
581 1297 614 1327 Is
628 1297 708 1328 deus
722 1299 756 1328 in
769 1299 973 1331 abrenuntia-

4 1349 17 1374 f
102 1338 368 1379 umbrantia,
382 1351 465 1381 quae
474 1343 571 1374 modo
582 1344 772 1383 proferetur,
784 1343 931 1390 Sua-mie,
940 1349 973 1378 h.

4 1395 7 1412 ;
70 1399 75 1407 =
87 1384 90 1397 ³
103 1393 146 1419 aa·
163 1382 474 1430 &bargen-osse,
498 1399 519 1420 a
549 1391 718 1423 Germanis
747 1393 867 1425 boreal.
899 1393 974 1436 Tyr,

84 1432 188 1464 'im
198 1428 278 1471 zia,
290 1431 364 1474 zio,
377 1445 397 1466 ι
410 1446 531 1477 genere
546 1442 635 1469 certo
647 1441 786 1479 quodam
797 1443 973 1474 Germano-

108 1483 182 1513 ffl
190 1476 281 1524 ΒΜ,
290 1479 346 1512 Er
356 1484 586 1523 appellabatur.
606 1487 731 1518 Nomen
738 1489 824 1528 quod
836 1493 886 1521 est
896 1487 974 1528 Zia,

2 1538 6 1546 ¹
41 1530 45 1531 ⁷
109 1522 173 1558 zio
187 1524 347 1571 (rivus),
356 1534 506 1562 accurate
517 1534 693 1572 respondet
702 1535 855 1567 Indorum
865 1539 972 1569 orien-

109 1574 221 1607 tullum
231 1577 363 1615 nomini,
369 1578 455 1617 quod
467 1581 517 1610 est
528 1577 647 1620 dyaus,
654 1583 787 1620 caelum,
794 1584 876 1615 caeli
882 1584 972 1622 deus,

109 1621 305 1655 amoos-um
319 1622 423 1670 Ζεύς,
443 1627 528 1658 unde
542 1629 621 1667 gatis
635 1633 779 1668 apparet,
795 1631 971 1663 Germano-

108 1677 180 1701 m
190 1670 327 1702 flottam
340 1682 443 1713 aeque
456 1683 496 1704 ac
506 1675 724 1706 Romanorum
735 1678 886 1709 maiorem
897 1681 972 1710 olim

109 1715 206 1748 dmm
218 1717 317 1750 luisse
332 1719 453 1756 (Germ.
464 1730 492 1751 c.
504 1723 568 1760 39).
588 1723 714 1754 Nomen
726 1725 812 1764 quod
823 1729 873 1757 est
884 1723 918 1756 E
920 1737 973 1765 ar,

108 1761 311 1804 werdt,
322 1767 457 1807 Hythol.
468 1779 500 1808 p.
508 1771 579 1807 263,
594 1771 775 1810 siguificare
787 1776 899 1804 censet
909 1783 973 1804 ra—

63 1816 66 1818 ’
109 1809 203 1843 &a
228 1814 297 1845 sive
324 1814 496 1856 saqiuam.
532 1818 682 1848 Ceterum
691 1841 713 1856 ,ff
725 1820 812 1859 quod
835 1821 972 1852 Reiffer-

97 1854 235 1892 ·⁴ssheidt
249 1861 354 1894 denuo
369 1864 545 1902 confirmat,
558 1867 592 1896 in
606 1867 645 1896 A.
659 1867 695 1896 B.
711 1867 792 1898 haec
805 1869 972 1908 leguntur:

110 1904 256 1940 nartem
266 1918 296 1940 c.
303 1918 336 1940 a.
343 1908 489 1951 placant
504 1915 534 1942 et
543 1910 723 1944 Herculem
736 1915 884 1955 idemque
896 1926 972 1948 cen-

109 1957 162 1986 set
176 1955 213 1986 C.
222 1956 262 1986 D.
277 1957 468 1996 scripturam
481 1960 652 1991 manifesto
666 1963 851 2002 corrigendi
865 1965 972 1995 studio

109 2004 218 2033 mm
239 2003 358 2034 habere
376 2001 553 2036 Herculem
574 2016 618 2037 ac
635 2005 778 2038 Martem
794 2020 823 2040 c.
838 2019 871 2040 a.
895 2009 972 2051 pla-

109 2053 214 2086 σαιιη
230 2050 288 2081 sed
299 2051 385 2090 quod
395 2052 455 2083 hac
465 2062 507 2083 ex
518 2063 552 2084 re
569 2056 731 2086 concludit
743 2059 818 2096 post
828 2055 973 2098 placant

109 2104 226 2127 novun
247 2099 438 2129 seutentiam
459 2100 611 2139 incipere,
626 2103 716 2133 cuius
730 2106 859 2142 praeter
872 2106 973 2144 prima

109 2141 166 2173 mn
192 2144 290 2176 verba
310 2148 340 2174 et
374 2142 553 2176 Her-cedem
584 2149 708 2188 reliqua
739 2152 845 2181 omnia
874 2153 973 2182 inter-

110 2188 256 2228 ciderint,
270 2191 408 2223 fortasse
422 2194 516 2224 etiam
531 2195 594 2225 alia
608 2195 648 2225 de
664 2196 785 2227 deabus
797 2198 972 2229 Germano-

109 2245 192 2274 rum,
205 2247 287 2278 que
301 2239 529 2278 desideremus,
541 2242 653 2273 eadem
664 2243 725 2274 hac
737 2244 852 2275 lacuna
861 2245 972 2276 absor-

109 2286 256 2323 paone,
266 2295 378 2325 parum
389 2288 560 2319 verisimile
571 2293 630 2326 est,
642 2299 714 2320 cum
724 2292 758 2321 in
769 2292 972 2323 abrenuntia-

109 2331 207 2363 tionis
230 2332 366 2365 formula
397 2336 602 2373 (Miillenhoff
627 2347 656 2367 u.
680 2338 816 2370 Scherer
837 2340 903 2377 LI.)
935 2349 974 2370 ec

107 2377 274 2419 [ursae-ho
282 2379 387 2412 allum
395 2380 544 2414 diaboles
552 2394 718 2415 uitet-cum
727 2384 798 2416 and
804 2385 937 2417 vauordu
943 2398 974 2425 n,

112 2422 248 2457 Thau-er
269 2426 351 2458 ende
375 2426 524 2460 vufflens
540 2429 622 2461 ende
645 2430 798 2464 saa-nete
820 2437 889 2471 oet,
912 2436 973 2474 ipsi

56 2488 59 2491 κ
110 2473 145 2505 hi
158 2475 224 2505 hes
239 2474 290 2506 dei
305 2477 364 2506 soli
375 2478 580 2509 nominentur
591 2483 623 2510 et
634 2480 717 2511 inter
727 2490 763 2511 se
775 2482 973 2522 coniungan-

109 2522 172 2551 tur.
203 2521 322 2558 Quidni
337 2525 477 2555 statuere
492 2525 588 2556 liceat
601 2530 657 2557 aut
671 2527 732 2557 iam
748 2528 780 2558 in
796 2527 907 2559 codice
922 2539 973 2559 ar-

110 2568 248 2608 chetypo
262 2572 319 2600 aut
332 2571 366 2601 in
380 2571 530 2602 Asculani
545 2574 734 2613 apographo
749 2585 778 2604 v.
793 2585 823 2605 v.
840 2579 870 2605 ee
884 2573 974 2605 Her-

110 2613 333 2648 euleu-errore
339 2618 438 2650 fnisse
447 2621 575 2657 omissa,
581 2624 696 2660 postea
701 2631 840 2653 errorem
846 2623 974 2659 additis,

109 2664 174 2693 nbn
185 2663 382 2704 interpositis
395 2667 500 2697 verbis
512 2677 586 2699 esse
598 2670 797 2699 correctum?
814 2687 850 2692 —-
876 2667 972 2709 Isidi]

110 2709 167 2740 Gr.
182 2710 237 2748 (Π.
251 2720 283 2750 p.
298 2714 382 2749 275.)
394 2713 491 2744 refert
501 2714 543 2744 ad
555 2715 647 2746 deam
659 2716 763 2746 zisam
776 2717 843 2747 sive
856 2717 974 2753 Cizam,

109 2765 193 2796 quae
198 2758 363 2803 Augustae
370 2760 607 2791 Vindelicorum
618 2763 793 2801 antiquitus
800 2764 974 2800 colebatur,

110 2803 245 2835 testibus
258 2805 443 2846 „Excerptis
456 2817 496 2837 ex
511 2808 634 2839 Gallica
644 2809 798 2839 histor-12¹⁴
807 2810 839 2839 in
852 2810 975 2840 duobus

110 2850 213 2882 codd.
234 2851 377 2883 Monace-
400 2853 493 2891 (Ibid.
515 2864 546 2893 p.
569 2856 653 2891 269.)
677 2856 745 2886 sive
767 2856 831 2886 alio
846 2858 974 2887 nomine

110 2907 189 2929 saue
199 2898 275 2929 ficto
284 2900 407 2931 Velleio
416 2902 508 2932 Gallo
522 2902 621 2941 (apud
629 2903 818 2933 Goldastum
830 2904 867 2933 R.
879 2904 973 2933 Suev.

111 2944 240 2984 Scriptt.
254 2946 366 2977 Ulmae
385 2950 472 2978 1727.
486 2958 518 2988 p.
535 2951 563 2978 3.
582 2950 636 2979 Gr.
651 2950 695 2980 M.
710 2959 741 2988 p.
757 2952 841 2987 270).
858 2951 974 2980 Verum

110 2995 144 3023 et
154 2992 247 3023 deam
258 2993 352 3023 istam
360 2994 464 3025 Zisam
476 2998 509 3026 et
521 2996 703 3026 testimonia
714 2996 754 3026 de
767 3006 806 3026 ea
818 2997 858 3026 ab
871 2997 974 3026 otioso

109 3039 217 3079 aliquo
239 3038 396 3072 monacho
418 3042 492 3073 fleta
514 3043 660 3079 arbitror,
683 3052 813 3082 prorsus
836 3047 871 3077 ut
892 3052 973 3082 quae

111 3087 188 3117 olim
208 3087 293 3126 apud
313 3098 373 3119 nos
388 3090 560 3120 narrabant
575 3090 615 3120 de
630 3089 749 3120 Turico
765 3099 851 3129 rege,
868 3090 975 3119 Turici

111 3133 287 3164 conditore.
315 3135 378 3165 Alii
401 3137 581 3176 cogitarunt
602 3136 641 3167 de
664 3137 785 3175 Frigga
806 3146 830 3166 s.
848 3136 975 3169 Frikka.

112 3180 249 3211 Wodani
270 3191 296 3212 s.
318 3183 412 3213 Odini
435 3185 590 3223 coniuge;
607 3183 687 3220 „dea
701 3183 784 3213 alma
800 3183 974 3213 Scandina-

111 3236 223 3259 vorum
234 3230 267 3258 ut
277 3228 337 3259 Isis
349 3230 596 3270 Aegyptiorum⁴⁶
614 3229 766 3267 (Duras).
776 3228 857 3258 Vide
867 3230 921 3259 Gr.
935 3229 975 3258 M.

112 3284 143 3314 p.
158 3275 229 3304 280.
257 3274 382 3306 Zacher
401 3277 435 3306 in
456 3277 538 3306 libro
559 3285 619 3306 suo
634 3276 673 3305 de
692 3276 818 3309 ..i-univ·
834 3278 929 3313 atque
945 3275 977 3303 in

112 3324 378 3354 commentatione
405 3324 525 3354 inserta
550 3324 582 3353 in
612 3319 785 3352 Hallische
802 3318 978 3361 Encyclo-

29 478 637 530 “damarum-annu
684 481 798 523 lucos
828 495 876 524 ac
907 496 1077 525 nemora
1096 488 1360 538 consecrant,
1382 483 1636 542 deorumque
1656 487 1884 529 nominibus

1020 628 1143 671 paedia
1157 631 1197 662 de
1213 632 1379 662 Germanis
1393 635 1486 663 acute
1501 634 1638 664 coniecit
1652 634 1720 664 eius
1732 634 1810 665 deae
1826 644 1883 664 no-

1021 688 1095 709 men
1117 679 1218 710 fuisse
1233 679 1468 717 Germanicum,
1481 677 1584 716 Isam,
1600 681 1729 712 ductum
1743 691 1763 712 a
1776 682 1884 713 radice

1023 735 1084 756 tas
1097 726 1161 765 (1³3),
1175 726 1355 766 splendere,
1370 727 1545 768 eodemque
1560 729 1760 760 referendum
1770 731 1886 761 Ulixen

1022 784 1120 813 supra
1131 783 1152 804 a
1163 774 1274 804 Tacito
1285 778 1502 811 memoratum,
1514 777 1607 815 eique
1620 779 1759 808 assensit
1770 779 1884 810 Mann-

1021 821 1125 852 hardt.
1153 822 1196 851 At
1210 821 1237 851 si
1252 830 1370 852 nomen
1385 826 1471 853 esset
1484 833 1560 854 vere
1577 825 1809 864 Germanicum,
1820 827 1883 858 'l'a-

1022 869 1103 900 citus
1124 868 1211 898 haud
1225 869 1320 899 dubie
1335 869 1396 899 fuit
1416 871 1662 910 significaturus.
1683 873 1838 912 Equidem
1852 875 1885 905 iu

1022 925 1131 946 eorum
1136 917 1218 947 abeo
1225 915 1426 955 sententiam,
1432 920 1487 958 qui
1495 916 1615 950 Isidem
1622 921 1884 960 interpretatione
1915 953 1925 962 ,

1020 963 1167 994 Romana
1185 965 1378 1003 appellatam
1393 975 1466 996 esse
1481 967 1639 1006 quandam
1654 969 1884 1000 Germanorum

1022 1010 1113 1040 deam
1128 1013 1317 1042 smtuerunt.
1331 1029 1368 1034 -—-
1382 1011 1471 1043 unde
1486 1023 1595 1045 causa
1610 1018 1641 1045 ce
1656 1024 1685 1045 o.
1699 1015 1882 1056 pereqrino

1020 1058 1139 1096 sacr-0]
1150 1058 1199 1088 De
1212 1059 1329 1089 omisso
1341 1061 1439 1090 verbo
1451 1059 1494 1090 sit
1502 1062 1657 1099 Wfflfflin,
1667 1063 1748 1092 Phil.
1757 1066 1883 1100 2s‚144.

1021 1105 1238 1144 Peregrinitas
1260 1106 1320 1137 ista
1334 1108 1436 1138 inerat
1451 1118 1517 1139 uon
1533 1112 1595 1140 tam
1607 1111 1639 1140 in
1650 1111 1746 1141 Isidis
1757 1113 1884 1143 nomine

1021 1161 1116 1190 quam
1130 1153 1164 1182 in
1178 1153 1304 1183 liburna
1318 1155 1349 1184 ei
1363 1156 1525 1186 attributa.
1542 1157 1596 1187 Gr.
1611 1158 1654 1187 M.
1669 1167 1700 1196 p.
1714 1160 1774 1194 94„
1786 1161 1839 1198 qui
1852 1169 1883 1198 p.

1022 1200 1082 1228 236
1098 1208 1169 1229 cum
1183 1200 1245 1230 hoc
1260 1200 1339 1231 deae
1355 1203 1499 1241 symbolo
1515 1206 1653 1234 conectit
1671 1205 1755 1235 diem
1769 1206 1883 1236 festum

1020 1242 1129 1276 ISID.
1144 1244 1205 1277 NA
1216 1243 1312 1278 V1G1
1320 1245 1381 1279 VM
1402 1251 1456 1280 111.
1472 1252 1552 1282 Non.
1568 1253 1658 1282 Mart.
1675 1254 1716 1290 (5.
1733 1254 1763 1283 d.
1778 1255 1833 1290 M.)
1850 1256 1883 1284 in

1021 1293 1222 1324 Kalendariis
1228 1296 1366 1335 antiquis
1375 1297 1545 1334 (cfr-lusor.
1554 1300 1664 1330 LatJI.
1674 1302 1791 1339 p.380),
1798 1302 1883 1340 apud

1021 1341 1212 1379 Appuleium
1222 1342 1296 1372 Met.
1313 1345 1360 1380 11,
1378 1344 1448 1380 (Ed.
1460 1345 1498 1375 R.
1514 1356 1544 1384 p.
1555 1348 1639 1384 764),
1650 1347 1735 1386 apud
1745 1348 1883 1378 Lactan-

1021 1388 1108 1424 tium,
1120 1389 1198 1419 Inst-
1209 1392 1237 1425 1,
1245 1391 1295 1419 27.
1311 1391 1461 1422 Fortasse
1473 1394 1544 1431 quis
1555 1395 1682 1424 navium
1694 1396 1883 1432 meminerit,

1021 1436 1138 1474 quibus
1151 1437 1300 1467 Indorum
1318 1438 1370 1468 dei
1385 1441 1527 1479 deaeque
1542 1451 1600 1480 per
1616 1444 1699 1471 alirn
1715 1443 1883 1479 vehuntur,

1020 1483 1126 1520 Kuhn,
1138 1484 1202 1513 z.f.
1210 1485 1275 1523 vgl.
1283 1485 1353 1524 Spr.
1364 1488 1390 1515 1.
1399 1489 1469 1523 536,
1480 1491 1516 1517 ut
1526 1497 1638 1527 aquae,
1651 1499 1708 1528 per
1716 1498 1794 1528 quas
1803 1489 1882 1519 Sue-

1020 1530 1133 1560 borum
1140 1531 1319 1562 Danuvium
1327 1534 1538 1564 accolentium
1544 1535 1605 1565 Isis
1612 1536 1747 1572 vehitur,
1756 1537 1883 1575 proprie

1021 1587 1087 1607 non
1092 1580 1157 1607 tam
1165 1578 1206 1608 ad
1213 1588 1299 1609 mare
1306 1589 1399 1619 quam
1405 1580 1447 1610 ad
1454 1582 1576 1612 caelum
1584 1583 1745 1621 pertinere
1753 1583 1883 1614 videan-

1021 1628 1080 1654 tur.
1096 1626 1302 1665 Mirautique.
1315 1637 1396 1666 quae
1408 1629 1438 1658 J.
1452 1629 1571 1659 Grimm
1583 1630 1625 1659 M.
1634 1632 1694 1660 242
1705 1640 1752 1670 sq.
1765 1630 1805 1661 de
1817 1640 1884 1661 na-

1022 1669 1116 1701 vibus
1139 1676 1169 1701 e!
1191 1673 1322 1703 arturis
1344 1676 1481 1713 posteris
1502 1677 1699 1715 temporibus
1714 1679 1748 1707 in
1764 1678 1884 1708 Suebia

1020 1729 1078 1758 per
1091 1729 1238 1759 pompam
1254 1722 1478 1752 circumductis
1493 1723 1598 1753 tradit.
1621 1724 1768 1754 Ceterum
1782 1724 1885 1755 forma

1020 1764 1159 1798 liburna
1171 1778 1229 1807 pro
1241 1765 1415 1799 liburnica
1427 1779 1492 1800 non
1504 1771 1606 1800 solum
1618 1772 1732 1809 poetae
1743 1774 1884 1807 utuntur,

1020 1814 1080 1845 sed
1094 1816 1191 1845 etiam
1206 1816 1325 1846 Caesar
1339 1817 1375 1846 B.
1392 1817 1427 1847 C.
1444 1819 1473 1853 3,
1488 1819 1516 1846 9.
1532 1835 1570 1839 -
1587 1815 1742 1848 cohibere
1762 1818 1883 1858 parie-

1022 1858 1123 1900 tibus]
1138 1862 1286 1892 Difficilis
1299 1872 1376 1893 sane
1389 1867 1439 1894 est
1449 1866 1605 1903 quaestio,
1617 1867 1721 1895 utrum
1733 1866 1883 1896 Germani

1022 1909 1124 1938 Taciti
1139 1912 1244 1939 aetate
1257 1911 1383 1949 templis
1400 1911 1451 1941 vel
1470 1912 1596 1942 sacellis
1613 1912 1707 1950 plane
1726 1914 1885 1943 caruerint

1020 1965 1139 1993 necne3
1156 1965 1335 1995 quanquam
1350 1958 1382 1986 in
1397 1958 1581 1988 universum
1594 1959 1723 1988 Tacitus
1736 1960 1795 1990 hac
1804 1970 1883 1998 quo·

1022 2012 1083 2042 que
1098 2002 1137 2033 de
1153 2012 1187 2032 re
1208 2012 1284 2032 vera
1299 2003 1467 2034 tradidisse
1482 2014 1552 2041 nec,
1567 2006 1655 2044 quod
1669 2007 1797 2044 quidam
1812 2007 1882 2036 exi-

1021 2049 1170 2085 affimant,
1187 2050 1345 2080 rhetorica
1365 2053 1433 2080 arte
1448 2060 1525 2081 usus
1554 2061 1626 2082 esse
1647 2053 1780 2083 videtur.
1811 2049 1883 2083 an

1021 2096 1138 2126 desunt
1151 2097 1278 2135 quidem
1293 2098 1325 2126 in
1341 2098 1450 2136 eisque
1465 2099 1610 2129 homines
1631 2109 1734 2129 rerum
1750 2100 1883 2130 Germa·

1021 2144 1162 2173 nicarum
1184 2144 1287 2182 periti,
1309 2145 1362 2183 qui
1385 2145 1555 2183 opinentur
1570 2146 1713 2175 Tacitum
1729 2147 1831 2185 ipsum
1846 2156 1882 2176 se

1021 2191 1208 2226 correxisse,
1221 2199 1291 2220 cum
1303 2193 1378 2221 0040
1390 2191 1429 2221 de
1440 2192 1579 2222 Nerthus
1592 2190 1722 2232 templo.
1731 2194 1845 2223 Annal.
1858 2194 1883 2229 Ι,

1022 2239 1058 2267 51
1069 2259 1077 2273 ,
1099 2237 1139 2266 de
1167 2234 1285 2277 templo
1322 2238 1495 2268 Tamsanae
1522 2240 1592 2269 solo
1620 2243 1756 2279 aequato
1785 2240 1884 2270 faciat

1022 2284 1230 2319 mentionem;
1252 2283 1311 2314 sed
1332 2285 1387 2314 vix
1409 2285 1626 2323 dubitandum,
1648 2287 1725 2326 quin
1739 2287 1786 2316 eis
1801 2287 1882 2317 locis

1022 2332 1129 2370 templi
1144 2331 1331 2361 vocabulum
1346 2333 1499 2370 ampliore
1512 2333 1554 2362 sit
1564 2334 1694 2364 notione
1706 2334 1879 2372 significet-

1022 2388 1084 2418 que
1099 2388 1126 2408 c.
1142 2381 1182 2408 40
1195 2388 1317 2415 nemus,
1332 2380 1415 2409 Ann-
1433 2382 1460 2416 1,
1476 2382 1512 2410 51
1530 2381 1581 2410 vel
1595 2390 1707 2410 nemus
1723 2381 1774 2411 vel
1787 2381 1880 2411 arbo·

1022 2435 1088 2456 rem
1102 2426 1182 2456 deae
1197 2435 1330 2462 sacram,
1345 2427 1396 2456 vel
1411 2427 1497 2466 quod
1511 2428 1640 2466 quidam
1655 2428 1686 2457 in
1702 2429 1772 2467 ipso
1788 2428 1881 2458 Tam·

1021 2473 1114 2503 sanae
1128 2474 1256 2503 nomine
1271 2474 1377 2503 inesse
1391 2476 1511 2511 putant,
1523 2475 1709 2504 columnam.
1736 2475 1882 2504 Ceterum

1023 2521 1063 2550 cf.
1080 2521 1200 2550 Grimm
1215 2521 1255 2550 M.
1268 2530 1321 2560 pg.
1334 2522 1476 2551 57—108
1487 2525 1519 2551 et
1531 2522 1567 2551 G.
1576 2522 1614 2551 D.
1623 2521 1694 2560 Spr.
1702 2531 1732 2560 p.
1744 2524 1800 2551 116
1813 2531 1882 2560 sqq.

1022 2568 1070 2598 De
1093 2568 1224 2598 deorum
1239 2568 1416 2598 simulacris
1439 2569 1494 2598 cfr.
1518 2569 1572 2598 Gr.
1593 2569 1635 2598 M.
1651 2579 1681 2607 p.
1697 2571 1758 2602 95..
1774 2569 1825 2607 qui
1841 2578 1882 2598 ex

1023 2616 1191 2646 Sozomeni
1207 2615 1287 2645 Hist.
1301 2616 1423 2646 Echi.
1433 2617 1482 2645 37.
1494 2616 1606 2645 illustri
1618 2616 1689 2645 loco
1703 2615 1741 2644 de
1755 2615 1881 2654 Ulphila

1022 2663 1102 2692 haec
1116 2662 1209 2692 affert
1227 2662 1373 2706 λέγεται
1399 2657 1451 2703 ὥς
1473 2673 1506 2695 τι
1522 2658 1663 2704 ξόανον
1679 2661 1741 2702 ἐφ’
1758 2658 1883 2707 ἁρμά-

1024 2709 1092 2753 ξης
1108 2706 1238 2751 ἑστώς,
1253 2709 1294 2742 οϊ
1307 2720 1348 2753 γε
1367 2709 1479 2743 τοῦτο
1498 2713 1618 2742 ποιεῖν
1639 2706 1712 2741 ὑπὸ
1729 2707 1882 2742 Ἀθανα-

1023 2758 1134 2804 ρίχου
1150 2758 1239 2796 (rege
1265 2756 1418 2786 Gotorum
1441 2757 1461 2792 †
1476 2765 1504 2786 a.
1525 2758 1596 2792 382)
1613 2751 1879 2802 προσετάχθη-

1024 2801 1203 2843 uanum?
1218 2801 1384 2846 ἑκάστην
1399 2801 1546 2846 σκηνὴν
1560 2799 1800 2849 περιάγοντες
1810 2802 1882 2836 τῶν

1024 2852 1288 2898 χριστιανὶζειν
1321 2850 1681 2894 καταγγελλομένων
1706 2849 1880 2883 ἐκέλευον

1024 2899 1137 2932 τοῦτο
1164 2901 1402 2943 προσκυνεῖν.
1428 2899 1491 2930 καὶ
1521 2894 1636 2930 θύειν·
1665 2897 1736 2930 τῶν
1753 2896 1791 2930 δὲ
1810 2908 1880 2929 πα-

1024 2947 1283 2992 ραιτουμένων
1316 2942 1386 2978 σὺν
1411 2944 1543 2985 αὐτοῖς
1573 2940 1791 2990 ἀνθρώποις
1816 2941 1881 2985 τὰς

1023 2990 1169 3035 σκηνὰς
1193 2992 1442 3037 ἐνεπίμπρων.
1476 2991 1558 3021 Sane
1575 2991 1735 3021 fatendum
1751 2994 1798 3019 est
1814 3000 1879 3019 om-

1023 3041 1076 3069 nia
1087 3039 1125 3069 de
1138 3039 1313 3068 simulacris
1320 3038 1404 3077 apud
1414 3039 1588 3068 Germanos
1597 3038 1775 3076 testimonia
1783 3038 1880 3066 multo

1024 3086 1202 3125 posteriora
1224 3094 1295 3115 esse
1319 3086 1440 3120 Tacito,
1464 3084 1547 3114 unde
1564 3084 1663 3118 fuere,
1679 3085 1731 3122 qui
1747 3084 1878 3113 arbitra-

1024 3136 1132 3162 rentur
1144 3129 1252 3161 fistulis.
1265 3132 1296 3161 in
1307 3141 1387 3170 quae
1400 3132 1493 3160 toties
1507 3130 1698 3160 invehuntur
1709 3130 1879 3168 scriptores

1025 3179 1206 3212 Christiani,
1218 3178 1496 3217 progredientibus
1510 3177 1633 3206 demum
1641 3176 1756 3206 seculis
1764 3176 1878 3205 cultum

1024 3236 1094 3256 esse
1117 3226 1276 3255 tributum.
1307 3226 1369 3255 Pro
1392 3234 1454 3263 qua
1475 3224 1625 3262 opinione
1647 3223 1783 3252 afferunt
1799 3223 1877 3250 Gro-

1026 3273 1106 3311 gorii
1114 3272 1341 3310 Thaumaturgi
1351 3271 1563 3301 testimonium
1575 3269 1631 3299 Ed.
1640 3269 1780 3317 Mognnt.
1792 3269 1877 3298 1604.

1026 3329 1056 3359 p,
1076 3321 1147 3350 118:
1171 3311 1224 3355 εἰς
1238 3310 1351 3357 λόγος
1369 3310 1469 3359 παρὰ
1484 3308 1643 3347 πάντων,
1662 3321 1747 3351 τους
1764 3319 1881 3341 mm.-
