2176 3672
682 239 853 284 LIBER
882 240 954 285 1v.
1014 241 1113 296 Gap.
1146 243 1184 286 9.
1219 243 1283 288 10.
1316 245 1383 288 11.
1414 244 1479 288 12.
1880 243 1964 289 467

196 350 419 395 Mucianus
447 351 595 396 urbem
624 354 845 408 ingressus
875 361 1028 400 cuncta
1057 357 1182 400 simul
1212 359 1255 401 in
1284 371 1333 402 se
1362 359 1507 402 traxit.
1566 357 1705 402 fracta
1724 358 1857 403 Primi
1876 359 1965 402 An-

194 431 303 475 tonii
322 430 512 486 Varique
534 433 649 476 Arrii
678 435 884 488 potentia,
913 435 1025 479 male
1054 437 1320 481 dissimulata
1349 439 1391 481 in
1423 451 1496 482 eos
1517 438 1702 483 Muciani
1731 439 1966 491 iracundia,

194 512 387 569 quamvis
410 513 527 561 voltu
548 516 779 567 tegeretur.
838 515 914 558 sed
943 515 1095 558 civitas
1124 517 1329 560 rimandis
1350 518 1520 561 oflensis
1551 531 1683 573 sagax
1703 523 1893 563 verterat
1919 531 1966 562 se

192 593 580 648 transtuleratque:
610 594 682 638 ille
711 608 822 639 unus
843 595 1009 650 ambiri,
1040 596 1131 639 coli.
1182 609 1258 640 nec
1279 597 1427 640 deerat
1446 598 1553 652 ipse,
1583 599 1769 652 stipatus
1788 598 1966 641 armatis

193 673 344 717 domos
363 673 597 728 hortosque
615 679 877 728 permutans,
908 679 1119 730 apparatu
1139 676 1308 719 incessu
1337 677 1525 720 excubiis
1546 678 1630 720 vim
1650 678 1856 732 principis
1877 691 1965 720 am-
1977 691 1998 721 5

192 753 339 808 plecti,
368 767 521 798 nomen
541 755 772 799 remittere.
803 756 1033 810 plurimum
1053 757 1233 800 terroris
1262 756 1409 800 intulit
1428 758 1580 801 caedes
1602 757 1818 812 Calpurnii
1839 757 1964 801 Gale-

192 833 315 877 riani.
374 834 413 878 is
442 834 524 878 fuit
553 834 667 878 filius
697 834 779 878 Gai
806 835 987 889 Pisonis,
1017 835 1122 878 nihil
1151 848 1305 878 ausus:
1336 837 1412 879 sed
1441 849 1592 880 nomen
1623 837 1788 891 insigne
1818 839 1863 880 et
1891 837 1964 879 de-

193 926 296 958 cora
323 914 408 969 ipsi
426 915 600 959 iuventa
626 928 798 959 rumore
827 915 941 970 volgi
962 915 1297 968 celebrabantur,
1326 920 1532 971 erantque
1559 917 1602 959 in
1623 916 1797 960 civitate
1826 916 1966 959 adhuc

192 994 366 1038 turbida
394 1000 437 1039 et
466 996 588 1039 novis
627 995 891 1039 sermonibus
929 995 1057 1046 laeta,
1101 994 1174 1049 qui
1215 994 1482 1050 principatus
1520 995 1688 1038 inanem
1728 996 1768 1039 ei
1808 994 1962 1039 famam

193 1075 520 1119 circumdarent.
578 1075 699 1118 iussu
729 1075 916 1119 Muciani
946 1075 1141 1118 custodia
1170 1074 1344 1118 militari
1374 1074 1552 1128 cinctus,
1581 1088 1634 1118 ne
1663 1075 1708 1118 in
1736 1076 1832 1129 ipsa
1860 1075 1964 1119 urbe
1978 1089 2019 1118 ιο

192 1155 462 1210 conspectior
490 1168 604 1199 mors
634 1154 760 1209 foret,
790 1155 847 1198 ad
876 1155 1276 1210 quadragensimum
1305 1154 1358 1197 ab
1388 1154 1493 1198 urbe
1522 1154 1705 1209 lapidem
1736 1156 1875 1209 Appia
1893 1156 1964 1198 via

190 1231 288 1277 fuso
316 1245 394 1287 per
422 1245 553 1276 venas
591 1234 799 1288 sanguine
838 1234 1112 1288 extinguitur.
1171 1234 1304 1277 Iulius
1342 1233 1514 1278 Priscus
1543 1235 1854 1288 praetoriarum
1885 1233 1962 1278 sub

190 1311 366 1356 Vitellio
395 1313 632 1356 cohortium
651 1313 896 1367 praefectus
925 1326 972 1357 se
1001 1314 1095 1368 ipse
1123 1313 1350 1368 interfecit,
1379 1315 1542 1368 pudore
1572 1315 1708 1368 magis
1733 1327 1859 1369 quam
1888 1327 1960 1359 ne·

193 1392 407 1436 cessitate.
452 1392 630 1436 Alfenus
651 1392 791 1437 Varus
820 1394 1015 1448 ignaviae
1044 1393 1327 1448 infamiaeque
1356 1407 1459 1438 suae
1479 1395 1703 1449 superfuit.
1747 1395 1962 1438 Asiaticus

189 1471 249 1528 (is
278 1473 391 1516 enim
420 1472 619 1527 libertus)
649 1473 803 1516 malam
833 1473 1069 1526 potentiam
1100 1473 1244 1516 servili
1273 1473 1482 1527 supplicio
1512 1474 1710 1528 expiavit.
1976 1487 2018 1517 15

304 1552 396 1607 (12)
426 1552 567 1596 Isdem
599 1552 750 1596 diebus
778 1552 1114 1596 crebrescentem
1144 1552 1278 1596 cladis
1310 1551 1588 1597 Germanicae
1616 1553 1772 1596 famam
1802 1567 1961 1609 nequa-

190 1644 319 1687 quam
337 1635 505 1676 maesta
525 1633 676 1676 civitas
696 1633 955 1688 excipiebat;
977 1645 1125 1677 caesos
1147 1634 1371 1687 exercitus,
1394 1638 1520 1687 capta
1539 1634 1753 1688 legionum
1772 1635 1961 1689 hiberna,

189 1711 421 1755 descivisse
436 1711 602 1756 Gallias
621 1725 705 1755 non
726 1717 776 1755 ut
794 1712 907 1756 mala
925 1713 1220 1768 loquebantur.
1252 1714 1296 1756 id
1316 1713 1470 1756 bellum
1486 1714 1637 1769 quibus
1651 1715 1791 1758 causis
1806 1719 1960 1769 ortum,

182 1794 349 1846 quanto
362 1795 636 1836 externarum
657 1793 952 1848 sociarumque
971 1793 1162 1848 gentium
1177 1797 1295 1836 motu
1310 1791 1568 1849 flagraverit,
1584 1795 1712 1838 altius
1727 1796 1958 1848 expediam.

188 1870 358 1926 Batavi,
388 1872 523 1915 donec
552 1875 674 1915 trans
703 1871 895 1915 Rhenum
926 1871 1123 1926 agebant,
1152 1885 1253 1927 pars
1283 1871 1547 1927 Chattorum,
1577 1875 1785 1917 seditione
1814 1876 1959 1918 dome·
1973 1889 2016 1919 20

189 1951 299 1995 stica
338 1951 453 2006 pulsi
493 1955 686 1995 extrema
724 1951 914 1996 Gallicae
956 1964 1058 1995 orae
1096 1964 1231 1995 vacua
1266 1952 1501 1995 cultoribus
1541 1953 1749 2008 simulque
1778 1954 1960 1996 insulam

187 2031 309 2076 iuxta
337 2032 464 2075 sitam
504 2044 777 2087 occupavere,
815 2046 941 2087 quam
981 2046 1098 2077 mare
1129 2033 1324 2076 Oceanus
1362 2046 1389 2075 a
1427 2032 1579 2085 fronte,
1620 2033 1794 2076 Rhenus
1823 2034 1958 2075 amnis

326 2160 346 2190 8
370 2159 458 2198 male
526 2160 548 2189 4
572 2158 700 2197 stipatis
780 2160 799 2190 6
824 2159 904 2190 cede
973 2161 994 2190 8
1027 2159 1130 2198 ipsius
1153 2159 1250 2190 ed'oet‘o
1267 2159 1418 2199 premam
1496 2161 1514 2190 9
1540 2157 1584 2203 ei]
1603 2159 1630 2189 8:
1712 2160 1755 2190 14
1777 2158 1957 2198 1nfamieq3

192 2205 235 2237 15
258 2203 288 2236 ἰι
304 2205 391 2236 enim
408 2203 561 2235 Errasti.-
593 2204 648 2235 eni
670 2204 699 2235 is
722 2204 764 2243 (is
790 2214 850 2237 oa.
874 2204 970 2235 eae-‘0
987 2205 1161 2245 primepu
1186 2203 1298 2248 [enim]
1328 2205 1512 2245 Nipperdey
1520 2217 1534 2244 ;
1557 2206 1676 2236 etenim
1699 2204 1728 2235 is
1751 2204 1886 2235 libertus
1910 2204 1960 2235 vel

187 2249 217 2282 ia
238 2250 327 2281 enim
350 2250 489 2281 libertus
512 2260 528 2280 e
563 2254 639 2280 nota
673 2250 850 2290 nar-mli
879 2251 913 2281 ἐκ
934 2255 1049 2281 ταωνι
1073 2251 1190 2281 vena'eae
1210 2255 1305 2290 putat
1328 2251 1484 2293 Erneeti)
1593 2252 1631 2282 1‘1
1657 2254 1762 2282 mesta
1865 2259 1958 2282 cesos

188 2296 230 2327 ²1
255 2295 374 2336 gallice
408 2293 442 2339 (e
464 2306 502 2327 ex
525 2306 545 2326 a
569 2306 650 2327 corr.
678 2295 754 2338 lm.)
881 2297 922 2327 22
946 2297 1037 2327 iuxta
1069 2295 1196 2327 walch.-
1226 2297 1342 2327 quata
1364 2296 1463 2339 (inter
1487 2297 1572 2327 uada
1595 2296 1684 2336 dett.)
1799 2297 1895 2328 sitam
1918 2295 1957 2327 ὂ.-

188 2338 287 2387 είιΙιιι
392 2341 560 2373 Oceanum
584 2342 656 2373 ω.

237 2458 290 2488 11.
311 2456 531 2496 madent]
570 2456 612 2487 ab
648 2455 793 2487 Antonio
829 2455 981 2494 Varoque
1015 2456 1057 2486 ad
1093 2458 1122 2493 3,
1142 2457 1183 2486 37
1201 2456 1282 2487 daem
1298 2454 1339 2498 (is
1354 2456 1488 2486 enan—
1503 2454 1680 2496 supererat)
1696 2458 1727 2494 4,
1747 2456 1789 2488 ⁶8
1800 2456 1956 2495 proea-

187 2513 383 2547 urei-num.
423 2531 467 2537 —
504 2523 584 2544 urm
617 2510 747 2555 ambe-2]
783 2513 849 2544 Dio
874 2515 928 2550 66,
961 2515 1000 2544 2:
1039 2508 1057 2546 ὁ
1091 2512 1821 2552 etam'eeparanturo‘denimfaae—eae).

188 2567 382 2608 Μουκιανὸς
403 2569 571 2611 τιμᾶσθαι
587 2564 645 2612 υφ’
659 2564 815 2603 ἀπάντων
831 2564 914 2611 υπὲρ
931 2567 1057 2606 πάντας
1140 2572 1190 2601 12.
1232 2567 1424 2613 omanorum]
1457 2569 1566 2600 Germ.
1593 2571 1645 2602 29.
1683 2570 1796 2605 Ukert,
1829 2569 1956 2600 Gallim

186 2622 296 2670 ἤθελε
318 2625 378 2660 καὶ
401 2621 542 2670 ἤχθετο,
579 2624 692 2660 εἶκαὶ
722 2620 879 2659 ὁστισοῦν
913 2636 973 2668 ουχ
1004 2613 1124 2666 οτιΙρ.
1150 2628 1226 2658 866.
1251 2644 1295 2650 -
1318 2625 1466 2667 insulam]
1493 2628 1576 2656 Anu.
1602 2628 1632 2662 2,
1658 2629 1688 2658 6.
1729 2645 1770 2650 -
1805 2627 1954 2657 &ditione

189 2681 355 2729 opplent»
379 2680 492 2722 αυτὸν,
526 2677 598 2717 ἀλλ’
623 2678 662 2717 οὗ
695 2681 854 2725 μεγάλως
886 2678 1055 2724 ἅγηλειεν.
1091 2684 1262 2714 domestica
1279 2683 1379 2723 pulsa]
1411 2692 1474 2722 quo
1509 2686 1665 2723 tempore,
1698 2684 1857 2714 incertum
1892 2687 1954 2721 est,

189 2759 234 2765 —
267 2751 327 2773 nee
358 2741 467 2772 deerat
487 2739 568 2785 ipae]
604 2750 676 2772 cnm
711 2741 763 2771 hie
796 2750 850 2771 vv.
886 2741 984 2778 iunge
1008 2740 1056 2770 in·
1091 2741 1148 2771 aed
1164 2744 1250 2771 eerte
1263 2743 1338 2770 ante
1351 2739 1535 2779 Caesarem,
1553 2740 1955 2780 quimalaeBatavor-nm

187 2798 334 2830 finitive·
350 2798 508 2839 amplecti,
524 2799 690 2836 remittere,
714 2802 794 2829 ute.
815 2801 856 2829 1.
878 2797 1058 2827 mdeerat
1090 2797 1238 2828 meminit
1272 2797 1307 2826 B
1343 2795 1755 2833 G.4,1o.Zeuss,die
1779 2796 1954 2827 Dent-seha·

189 2856 567 2895 emaci-tuthque·
575 2855 730 2895 -prodm
745 2859 804 2885 cet.
818 2852 906 2883 -0.
916 2850 1056 2896 R'eonie]
1091 2863 1122 2893 p.
1149 2855 1223 2885 100.
1249 2871 1291 2877 -
1319 2854 1409 2883 inm
1433 2850 1540 2895 dam]
1566 2853 1760 2883 wncnms
1784 2853 1817 2883 in
1841 2851 1952 2884 Melet.

190 2912 247 2952 qui
270 2916 386 2944 contra
408 2914 573 2945 Neronem
597 2911 1053 2949 coniuraverat.A.15,48.
1091 2911 1287 2942 erit.1enae
1316 2911 1409 2941 1809.
1436 2919 1466 2948 p
1495 2911 1554 2940 16.
1583 2909 1793 2948 ›Legendum
1816 2908 1954 2939 ὑιωῑαιι

189 2985 235 2992 -
258 2967 441 3014 Aemus]
466 2972 497 3007 2,
522 2972 563 3002 57
589 2974 621 3001 et
646 2970 700 3001 95.
734 2970 762 2999 ie
796 2977 874 3008 ergo
909 2967 1057 3008 patibulo
1089 2968 1181 2998 mea
1204 2968 1297 2998 utam
1321 2976 1510 3006 occupavere
1535 2970 1567 2997 et
1582 2966 1743 3005 scriptura
1757 2965 1953 3005 optimorum

190 3026 318 3064 affixus,
349 3029 387 3058 ut
416 3027 565 3067 Verginii
605 3025 774 3066 Capitonis
809 3034 924 3055 servus
958 3034 1058 3063 snpra
1092 3024 1240 3055 codicum
1265 3024 1403 3054 ducente
1426 3026 1458 3054 et
1481 3032 1579 3053 senen
1603 3023 1799 3061 postulante.
1840 3022 1952 3053 Faelle

190 3091 218 3113 e.
242 3084 275 3115 8.
300 3086 334 3114 et
354 3083 460 3115 leolu-
485 3085 515 3122 1,
539 3085 595 3117 46.
631 3083 749 3114 Verbis
781 3085 889 3113 autem
923 3082 951 3112 i·
975 3082 1057 3112 enin
1093 3081 1285 3119 intelligitur
1309 3080 1448 3110 describi
1473 3081 1506 3110 in
1530 3079 1579 3110 bie
1596 3080 1750 3117 insulam,
1773 3087 1856 3118 quae
1872 3078 1951 3109 alibi

189 3137 319 3171 &Dm
353 3143 428 3180 poet
456 3141 599 3180 priorem
632 3140 702 3172 eiua
734 3139 931 3170 mentionem
957 3141 988 3176 2,
1014 3140 1055 3170 5‘1
1091 3137 1204 3168 Tacito
1238 3136 1337 3167 Rheni
1369 3137 1423 3167 vel
1457 3137 1651 3166 Batavorum
1682 3136 1789 3166 {nucula
1822 3136 1951 3173 dieitur,

190 3196 336 3227 breviter
358 3196 428 3228 eine
444 3197 668 3229 condicionem
687 3197 799 3228 lectori
815 3196 849 3226 in
867 3196 1055 3226 memoriam
1072 3215 1075 3246 Ι
1091 3193 1207 3223 Vahali
1226 3202 1263 3223 ac
1281 3193 1372 3223 Mosa
1395 3202 1416 3223 a
1440 3196 1531 3232 parte
1547 3192 1766 3231 meridionali,
1790 3201 1810 3222 a
1825 3196 1951 3231 septen·

190 3261 350 3284 revocans
373 3252 545 3293 fignificat,
569 3264 627 3286 eur
650 3254 705 3285 ille
728 3258 795 3284 tam
820 3251 1054 3284 contumelioso
1069 3250 1074 3304 Ι
1090 3250 1194 3281 trione
1218 3249 1331 3280 Rheno
1356 3249 1488 3280 flumine
1511 3249 1716 3279 circumfusa.
1756 3248 1830 3287 Quo
1853 3248 1950 3279 modo

189 3308 353 3349 supplicio
376 3309 512 3342 affeetu
535 3310 585 3342 alt.
626 3311 654 3341 ia
678 3311 759 3342 ertias
790 3310 824 3340 in
855 3308 1054 3349 parenthesi,
1070 3310 1074 3384 Ι
1089 3307 1310 3346 appellaretur
1331 3306 1449 3346 insula,
1481 3306 1513 3336 in
1548 3305 1605 3336 tall
1635 3305 1852 3344 descriptione
1876 3304 1950 3343 quie

189 3369 226 3397 nt
261 3367 292 3403 ²,
329 3367 371 3397 18
404 3365 585 3406 Spu-ivm
616 3366 658 3409 (ia
692 3367 772 3398 enim
806 3383 850 3390 -
886 3362 1054 3407 obeb-obas)
1088 3363 1289 3402 requireret?
1339 3363 1432 3394 Unde
1470 3365 1577 3393 autem
1616 3362 1758 3393 dilucida
1797 3367 1949 3393 We
