2176 3672
914 261 1087 310 LIBER
1116 262 1187 310 IV.
1850 266 1933 314 457

478 629 1619 741 nlsmoluanmu

762 778 977 822 LIBER
1007 780 1341 832 QUARTUS.

691 1022 1156 1060 BREVIARIUM
1183 1023 1399 1061 LIBRI.

159 1128 244 1169 Cap.
281 1131 312 1163 1.
357 1130 534 1162 Interfecto
572 1131 704 1163 Vitellio
739 1133 860 1164 milites
894 1134 1047 1165 Flaviani
1081 1134 1115 1165 in
1150 1134 1231 1165 urbe
1265 1134 1428 1166 saeviunt.
1487 1136 1518 1166 2.
1567 1135 1776 1166 Domitianus
1809 1145 1930 1167 nomen

203 1175 380 1215 aedemque
398 1176 548 1208 Caesaris
564 1182 678 1209 nactus
694 1179 866 1210 adulteriis
881 1180 983 1210 fllium
999 1180 1157 1219 principis
1172 1182 1251 1220 agit.
1289 1181 1328 1210 L.
1347 1180 1499 1211 Vitellius
1522 1181 1726 1213 interficitur.
1775 1183 1807 1213 3.
1832 1183 1931 1214 Cam·

204 1221 305 1261 pania
327 1223 508 1262 composita
530 1223 735 1263 Vespasiano
769 1232 901 1256 senatus
925 1227 1127 1256 consulatum
1152 1236 1225 1257 cum
1251 1226 1325 1256 Tito
1349 1226 1430 1264 filio,
1464 1232 1650 1265 praeturam
1684 1228 1875 1258 Domitiano
1898 1233 1932 1259 et

203 1267 375 1307 consulare
397 1269 570 1308 imperium
593 1271 749 1302 decernit.
797 1274 828 1301 4.
870 1272 1024 1312 Muciani,
1048 1272 1194 1309 Antonii,
1219 1276 1401 1303 ceterorum
1419 1272 1570 1303 honores.
1618 1273 1809 1303 restituendi
1834 1273 1930 1313 Capi·

203 1313 277 1344 tolii
301 1315 486 1346 eonsilium.
530 1315 676 1345 libertati
699 1317 841 1346 consulit
863 1317 1038 1348 Helvidius
1052 1317 1198 1355 Priscus,
1223 1318 1314 1348 cuius
1339 1319 1371 1349 5.
1396 1318 1467 1348 vita
1490 1323 1523 1348 et
1538 1328 1659 1358 mores,
1683 1320 1783 1350 6-8.
1808 1326 1841 1350 et
1856 1329 1931 1350 cum

202 1357 304 1398 Eprio
327 1359 481 1390 Marcello
505 1369 579 1391 acre
602 1361 742 1400 iurgium
767 1362 808 1392 de
832 1363 949 1401 legatis
973 1363 1015 1393 ad
1038 1363 1217 1402 principem
1248 1363 1427 1394 mittendis.
1476 1366 1505 1395 9.
1542 1364 1584 1394 de
1606 1365 1764 1403 impensis
1787 1364 1930 1403 publicis

200 1404 372 1437 dissensio.
422 1407 474 1436 10.
513 1405 684 1437 Musonius
706 1407 813 1438 Rufus
836 1409 870 1437 in
895 1409 930 1438 P.
947 1408 1095 1439 Celerem
1110 1409 1290 1439 invehitur.
1339 1411 1392 1439 11.
1431 1409 1601 1440 Mucianus
1625 1411 1740 1440 urbem
1756 1410 1926 1449 ingressus

203 1456 322 1481 cuneta
345 1451 379 1481 in
403 1461 439 1482 se
462 1452 575 1489 trahit,
600 1452 815 1491 Calpurnium
839 1453 1050 1484 Galerianum
1082 1455 1174 1485 caedi
1197 1454 1297 1491 iubet,
1330 1455 1512 1485 Asiaticum
1535 1455 1689 1486 libertum
1713 1456 1826 1486 servili
1851 1465 1927 1496 sup—

198 1496 300 1535 plicio
322 1497 421 1528 tollit.
472 1499 523 1528 12.
562 1497 777 1529 Germanicae
800 1499 901 1529 cladis
925 1501 1024 1530 fama.
1074 1501 1145 1531 eius
1178 1500 1254 1531 belli
1277 1509 1377 1530 causa
1409 1500 1443 1530 in
1468 1501 1601 1531 Batavis
1649 1503 1702 1531 13.
1738 1502 1820 1532 duce
1842 1502 1928 1533 Iulio

199 1541 319 1574 civile.
369 1545 513 1576 14—16.
546 1544 575 1574 is
610 1545 755 1575 Batavos
789 1545 1021 1577 Canninefates
1059 1546 1181 1577 Frisios
1217 1546 1347 1582 excitat,
1385 1546 1494 1576 statim
1527 1547 1617 1583 dolo,
1654 1556 1730 1577 mox
1754 1552 1868 1586 aperta
1892 1549 1926 1578 vi

198 1587 365 1619 Romanos
389 1593 531 1628 superat.
582 1591 634 1621 17.
673 1590 829 1621 victoriae
853 1591 948 1621 huius
972 1592 1060 1622 fama
1083 1596 1190 1622 motae
1206 1591 1403 1622 Germaniae
1426 1592 1551 1621 auxilia
1574 1593 1713 1623 offerunt
1735 1593 1845 1630 Civili,
1869 1595 1927 1632 qui

199 1638 234 1665 et
257 1633 442 1665 Galliarum
465 1635 656 1666 societatem
672 1637 824 1667 adfectat.
877 1639 928 1668 18.
963 1638 1144 1668 Hordeonii
1159 1637 1271 1667 Flacci
1285 1637 1434 1676 segnitia.
1483 1638 1564 1668 victi
1588 1639 1726 1669 Romani
1750 1639 1785 1668 in
1805 1639 1925 1670 Vetera

198 1684 308 1712 castra
323 1681 463 1720 fugiunt.
502 1682 556 1712 19.
581 1681 782 1712 Batavorum
798 1686 830 1713 et
848 1682 1111 1714 Canninefatium
1129 1684 1290 1719 cohortes,
1309 1685 1400 1713 iussu
1416 1682 1542 1714 Vitellii
1560 1683 1592 1714 in
1610 1683 1723 1715 urbem
1740 1691 1926 1724 pergentes,

198 1731 373 1766 corruptae
390 1725 491 1757 civili
507 1729 687 1766 iunguntur
702 1733 735 1758 et
769 1728 822 1759 20.
851 1729 1018 1759 Bonnensi
1032 1730 1159 1768 proelio
1177 1729 1396 1759 Romanorum
1413 1729 1515 1759 aciem
1532 1730 1748 1769 perfringunt.
1789 1733 1842 1762 21.
1872 1730 1926 1761 ci-

198 1772 276 1803 vilia
300 1772 433 1803 consilii
449 1773 624 1811 ambiguus
641 1783 717 1804 suos
733 1774 766 1804 in
790 1773 894 1804 verba
912 1775 1106 1813 Vespasiani
1122 1775 1225 1813 adigit
1242 1775 1373 1805 hostilia
1390 1775 1527 1815 velans3
1553 1777 1607 1807 22,
1626 1777 1679 1807 23.
1705 1785 1780 1806 mox
1806 1776 1926 1807 Vetera

199 1817 331 1849 obsidet
354 1818 485 1849 frustra.
522 1820 577 1850 24.
604 1820 655 1849 25.
682 1819 891 1850 Hordeonius
907 1821 1050 1851 Flaccus
1072 1821 1235 1851 seditione
1250 1820 1454 1851 conflictatus
1470 1830 1629 1851 summam
1654 1831 1763 1851 rerum
1782 1821 1926 1853 Voculae

197 1864 367 1904 permittit.
414 1866 468 1895 26.
495 1866 549 1895 27.
575 1865 651 1894 huic
675 1866 804 1895 additus
828 1866 1013 1897 Herennius
1037 1866 1154 1897 Gallus
1177 1876 1212 1896 re
1231 1867 1315 1897 male
1338 1871 1431 1904 gesta
1449 1866 1650 1897 verberatur,
1687 1876 1774 1897 nova
1797 1868 1924 1899 seditio.

197 1911 342 1942 28—30.
384 1909 503 1940 Civilis
525 1910 692 1940 immensis
715 1911 865 1942 auctibus
888 1911 931 1941 ab
954 1912 1111 1943 universa
1134 1911 1313 1942 Germania
1337 1913 1442 1943 elatus
1467 1912 1630 1943 obsidium
1648 1911 1802 1944 Veterum
1819 1918 1923 1953 urget,

199 1955 303 1986 Ubios
327 1960 434 1986 vexat.
482 1956 576 1986 varia
600 1957 789 1988 certamina.

244 2002 298 2033 ³1.
334 2002 492 2032 Nuntiato
517 2000 730 2033 Cremonensi
754 2002 879 2042 proelio
903 2003 1028 2033 auxilia
1051 2002 1222 2033 Gallorum
1247 2012 1267 2032 a
1291 2002 1425 2033 Vitellio
1451 2002 1646 2033 desciscunt.
1695 2013 1771 2033 suos
1794 2012 1923 2043 quoque

196 2047 406 2078 Hordeonius
430 2047 464 2077 in
491 2046 687 2086 Vespasiani
711 2047 816 2078 verba
838 2048 941 2087 adigit
966 2049 1175 2080 haesitantes.
1223 2050 1278 2079 32.
1304 2049 1345 2078 ad
1369 2047 1508 2078 Civilem
1533 2049 1654 2079 missus
1676 2049 1861 2087 Montanus,
1886 2054 1924 2080 ut

196 2102 217 2124 a
240 2093 331 2124 bello
354 2093 515 2123 absistere
538 2093 661 2134 iubeat,
697 2093 739 2124 ab
772 2094 845 2133 ipso
878 2099 1028 2125 tentatur.
1076 2096 1131 2125 33.
1157 2095 1210 2125 34.
1244 2103 1318 2124 cum
1351 2093 1478 2124 Vocula
1513 2094 1662 2132 confligit
1685 2093 1804 2125 Civilis
1829 2094 1921 2125 vario

199 2144 322 2170 eventu
346 2147 413 2169 non
436 2139 507 2169 sine
524 2141 695 2178 utriusque
719 2139 812 2171 ducis
827 2140 932 2179 culpa.
970 2142 1022 2171 85.
1049 2140 1175 2171 Vocula
1198 2141 1284 2170 male
1300 2140 1402 2169 utitur
1417 2140 1567 2170 victoria.
1604 2139 1724 2170 Vetera
1748 2140 1921 2172 obsidione

197 2185 325 2215 liberat.
377 2186 430 2216 86.
470 2183 586 2215 Civilis
610 2185 793 2215 Geldubam
816 2186 915 2225 capit.
962 2186 1102 2216 Romani
1127 2186 1247 2216 milites
1279 2185 1504 2215 Hordeonium
1537 2189 1665 2216 necant.
1715 2185 1840 2216 Vocula
1862 2196 1922 2226 per

197 2230 349 2262 tenebras
372 2231 494 2260 evadit.
542 2232 595 2262 3'1.
620 2239 697 2261 mox
721 2240 741 2261 a
764 2230 870 2262 Civile
893 2232 1036 2270 superati
1055 2232 1211 2262 Voculam
1236 2231 1343 2262 denuo
1367 2236 1557 2270 sequuntur,
1583 2240 1724 2270 quocum
1749 2231 1921 2263 obsidione

194 2275 440 2315 Mogontiacum
464 2276 620 2307 liberant.
666 2276 803 2307 Treveri
826 2286 914 2307 nunc
935 2277 1004 2315 fidi,
1027 2286 1104 2307 mox
1126 2278 1274 2308 rebelles.

242 2323 295 2353 88.
342 2322 568 2361 Vespasianus
601 2331 674 2352 cum
710 2322 784 2353 Tito
820 2323 1026 2353 consulatum
1059 2323 1127 2353 init.
1175 2323 1251 2353 falsi
1283 2330 1424 2361 pavores
1460 2322 1494 2352 in
1519 2321 1598 2352 urbe
1622 2326 1655 2352 et
1678 2331 1698 2351 a
1721 2322 1759 2352 1..
1785 2322 1916 2353 Pisone.

197 2369 250 2400 89.
277 2368 486 2399 Domitianus
518 2373 658 2406 praetor.
706 2368 757 2398 vis
792 2378 893 2407 penes
926 2368 1125 2399 Mucianum.
1173 2369 1202 2399 is
1235 2368 1336 2398 Primi
1371 2367 1507 2397 Antonii
1543 2367 1723 2406 potentiam
1759 2367 1918 2407 infringit.

198 2415 253 2446 40.
276 2414 418 2445 restituti
454 2411 580 2444 Galbae
612 2414 762 2444 honores.
818 2414 942 2445 Barcae
976 2414 1092 2445 Sorani
1126 2414 1276 2445 Manibus
1310 2414 1344 2444 P.
1372 2413 1487 2444 Celere
1520 2413 1673 2443 damnato
1705 2414 1917 2444 satisfactum.

195 2462 250 2491 41.
283 2459 339 2490 alii
361 2467 490 2498 quoque
514 2459 680 2490 delatores
703 2459 861 2498 castigati.
910 2461 965 2490 42.
998 2461 1030 2490 in
1056 2461 1106 2490 his
1131 2459 1299 2499 Aquilium
1324 2459 1484 2497 Regulum
1509 2468 1529 2488 a
1552 2459 1707 2489 Messalla
1731 2459 1831 2490 fratre
1864 2459 1918 2491 de-

197 2506 326 2536 fensum
350 2506 525 2536 Montanus
556 2506 717 2544 percellit.
765 2506 820 2536 43.
846 2507 902 2536 44.
941 2505 1028 2536 idem
1062 2507 1096 2536 in
1129 2506 1319 2536 Marcellum
1353 2508 1457 2535 tentat
1488 2504 1662 2535 Helvidius
1696 2504 1918 2536 intercedente

194 2551 335 2582 Caesare
358 2550 552 2581 abolendam
575 2551 721 2589 priorum
743 2555 926 2589 temporum
942 2551 1132 2582 memoriam
1157 2558 1238 2582 rato.
1284 2551 1392 2589 itaque
1416 2550 1449 2579 in
1475 2559 1597 2588 paucos
1622 2550 1718 2580 modo
1741 2551 1914 2582 saevitum.

238 2599 292 2628 45.
342 2596 503 2627 Senenses
538 2596 580 2626 ob
618 2597 781 2635 pulsatum
817 2601 999 2627 senatorem
1033 2597 1149 2637 puniti.
1198 2597 1362 2626 Antonius
1396 2596 1544 2625 mamm·
1567 2596 1639 2634 lege
1663 2596 1915 2634 repetundarum

194 2643 379 2673 damnatus.
425 2644 481 2674 46.
520 2642 672 2673 militaris
695 2642 812 2673 seditio
837 2652 856 2672 a
879 2642 1031 2673 Muciano
1053 2652 1212 2682 repressa.
1260 2643 1316 2673 47.
1357 2641 1508 2679 abrogati
1532 2641 1721 2671 consulatus
1746 2650 1828 2681 quoa
1861 2641 1915 2672 Vi-

194 2689 308 2720 tellius
341 2688 484 2719 dederat.
531 2688 628 2719 funus
663 2688 845 2718 censorium
881 2688 998 2718 Flavio
1033 2688 1156 2719 Sabino
1190 2689 1334 2718 ductum.
1381 2687 1528 2718 48—50.
1565 2686 1604 2717 L.
1629 2686 1762 2717 Pisonis
1783 2687 1915 2718 Africae

193 2734 400 2774 proconsulis
426 2733 552 2765 caedes.
587 2733 674 2764 servi
692 2735 761 2764 eius
777 2734 942 2772 egregium
955 2734 1171 2764 mendacium.
1209 2732 1388 2764 Oeensium
1405 2732 1715 2771 Leptitanorumque
1731 2733 1914 2765 discordiae

194 2781 404 2820 compositae.
440 2780 503 2811 fusi
529 2779 757 2810 Garamantes.
798 2781 851 2810 51.
878 2779 1075 2810 Parthorum
1100 2780 1221 2810 auxilia
1245 2789 1309 2809 non
1336 2778 1451 2817 recipit
1475 2777 1710 2817 Vespasianus.
1749 2779 1801 2809 52.
1827 2778 1915 2809 hunc

195 2826 313 2856 iratum
337 2826 528 2856 Domitiano
554 2826 646 2855 Titus
683 2825 821 2862 mitigat.
871 2825 924 2855 53.
958 2834 1035 2855 cura
1066 2825 1259 2856 restituendi
1284 2824 1438 2862 Capitolii
1468 2823 1502 2853 in
1527 2823 1554 2852 1.
1591 2823 1758 2854 Vestinum
1784 2824 1912 2855 collata.

241 2872 294 2904 Μ.
334 2872 458 2902 Audita
480 2881 569 2902 mors
595 2871 716 2902 Vitellii
742 2871 968 2909 duplicaverat
992 2871 1114 2901 bellum
1139 2880 1196 2909 per
1220 2870 1346 2901 Gallias
1364 2869 1631 2907 Germaniasque.
1668 2878 1741 2899 cum
1765 2869 1914 2900 incendio

196 2916 350 2956 Capitolii
373 2918 450 2948 finis
474 2917 610 2956 imperio
626 2917 742 2947 adesse
758 2916 912 2947 creditus.
950 2917 1093 2948 56—58.
1120 2917 1290 2947 interfecto
1316 2915 1502 2945 Hordeonio
1515 2915 1703 2953 conspirant
1717 2924 1791 2945 cum
1806 2914 1914 2946 Civile

194 2967 227 2993 et
249 2962 398 2995 Classico
423 2963 525 2994 lulius
559 2962 661 2993 Tutor
696 2967 727 2993 et
759 2962 862 2992 lulius
886 2961 1037 2993 Sabinus.
1086 2967 1202 2993 nutant
1235 2961 1381 2999 reliquae
1414 2959 1555 2998 Galliae,
1587 2960 1753 2990 Romanae
1784 2970 1913 3001 quoque

195 3008 341 3047 legiones
364 3013 531 3039 tentantur
555 3009 675 3039 frustra
709 3008 867 3038 renitente
893 3008 1027 3046 Vocula,
1063 3017 1127 3046 quo
1165 3008 1215 3039 59.
1242 3007 1296 3038 60.
1332 3014 1426 3036 caeso
1460 3006 1646 3044 vinctisque
1679 3005 1846 3037 Herennio
1882 3011 1914 3037 et

193 3053 341 3084 Numisio
357 3054 474 3094 legatis
488 3055 571 3085 istas
586 3064 646 3094 pro
659 3053 797 3093 imperio
815 3052 997 3083 Galliarum
1013 3057 1216 3084 sacramento
1240 3051 1345 3090 adigit
1368 3051 1496 3090 Civilis,
1522 3051 1623 3081 Tutor
1642 3051 1911 3092 Agrippinenses,

196 3098 361 3130 Classicus
383 3101 536 3131 obsessos
560 3100 602 3130 ad
627 3100 759 3133 Vetera.
806 3101 859 3131 61.
887 3098 1004 3129 Civilis
1027 3100 1096 3129 voti
1129 3107 1262 3137 compos
1296 3097 1419 3128 crinem
1451 3097 1594 3135 deponit.
1643 3100 1712 3127 tum
1745 3100 1778 3127 et
1809 3098 1912 3128 maior

195 3145 369 3175 auctoritas
393 3145 567 3183 velandae,
615 3147 668 3177 62.
702 3150 869 3184 captarum
906 3144 1070 3183 legionum
1104 3149 1263 3175 maestum
1297 3143 1459 3181 sileusque
1494 3151 1621 3181 agmen.
1667 3143 1720 3172 ala
1741 3142 1913 3174 Picentina

194 3200 308 3221 necem
331 3190 478 3222 Voculae
500 3191 654 3222 vindicat.
702 3193 777 3223 63—
794 3193 846 3222 65.
872 3191 1001 3220 colonia
1017 3190 1270 3229 Agrippinensis
1293 3188 1551 3218 Transrhenanis
1578 3187 1730 3226 gentibus
1753 3188 1861 3219 invisa
1875 3188 1910 3219 in

195 3245 355 3266 summum
380 3236 552 3267 discrimen
587 3237 727 3268 adducta
760 3246 832 3267 cum
865 3236 972 3266 Civile
1007 3237 1194 3266 societatem
1229 3235 1301 3271 init,
1336 3233 1500 3264 Velaedae
1532 3242 1652 3263 numen
1675 3232 1769 3264 donis
1792 3234 1910 3273 placat.

196 3283 250 3312 66.
278 3281 399 3312 Civilis
423 3281 603 3320 Baetasios,
628 3283 789 3321 Tungros,
815 3282 954 3312 Nervios
987 3281 1020 3311 in
1044 3281 1141 3312 fldem
1165 3280 1290 3319 accipit.
1339 3279 1391 3310 67.
1417 3278 1481 3309 fusi
1508 3278 1674 3317 Lingones
1697 3287 1718 3309 a
1741 3278 1908 3318 Sequania.

194 3327 299 3358 lulius
324 3327 467 3358 Sabinus
482 3328 590 3359 victus
614 3329 704 3361 latet.
753 3329 805 3359 68.
832 3328 1000 3357 Mucianus
1017 3336 1091 3357 cum
1109 3327 1297 3357 Domitiano
1313 3325 1356 3354 ad
1371 3324 1493 3355 bellum
1510 3325 1697 3363 aecingitur.
1738 3326 1792 3356 69.
1815 3325 1909 3356 Remi

194 3371 321 3403 Gallias
345 3373 380 3402 in
403 3372 469 3403 flde
492 3373 642 3405 Romana
664 3379 860 3404 conservant
883 3372 1025 3412 exceptis
1049 3372 1200 3403 Treveris
1231 3376 1330 3411 atque
1353 3369 1567 3410 Lingonibus.
1616 3370 1669 3401 ¹10.
1702 3370 1760 3401 sed
1784 3379 1844 3402 nec
1869 3371 1909 3401 iis

248 3428 361 3453 Tacitus.
379 3428 415 3456 ιι.
1582 3427 1638 3465 30
