2176 3672
674 350 847 394 LIBER
875 349 930 394 H.
990 350 1090 405 Cap.
1123 351 1188 394 19.
1218 352 1284 396 20.
1315 353 1382 395 21.
1831 353 1914 396 327

144 477 274 519 quam
309 465 501 509 veterani
540 466 749 509 exercitus
785 465 949 509 artibus
987 469 1252 510 transactus:
1304 468 1444 522 aperti
1485 468 1728 522 incautique
1771 481 1914 511 muros

143 543 323 600 subiere,
353 545 446 591 cibo
465 546 647 600 vinoque
666 558 933 600 praegraves.
978 546 1022 588 in
1050 558 1099 588 eo
1131 548 1359 590 certamine
1387 547 1719 601 pulcherrimum
1750 548 1913 603 amphi-

142 623 304 669 theatri
341 638 447 680 opus
486 626 614 669 situm
655 628 775 668 extra
812 637 957 668 muros
996 624 1295 680 conflagravit,
1338 627 1426 670 sive
1464 627 1517 670 ab
1548 628 1914 682 oppugnatoribus

141 704 371 759 incensum,
400 706 500 748 dum
531 705 644 748 faces
674 708 720 748 et
748 705 923 758 glandes
954 708 998 748 et
1026 705 1230 749 missilem
1259 707 1397 761 ignem
1428 708 1471 750 in
1501 707 1696 751 obsessos
1724 708 1912 751 iaculan-

143 786 228 838 tur,
257 785 347 828 sive
366 785 420 828 ab
441 784 638 838 obsessis,
667 785 767 827 dum
787 786 911 839 paria
928 788 1141 838 regerunt.
1188 787 1442 841 municipale
1470 787 1620 842 volgus
1650 801 1830 842 pronum
1858 789 1914 831 ad
1949 797 1969 827 5

135 863 403 920 suspiciones
441 864 592 908 fraude
621 865 755 908 inlata
783 865 893 919 ignis
924 865 1128 908 alimenta
1156 867 1337 909 credidit
1367 880 1393 909 a
1422 867 1675 921 quibusdam
1706 881 1729 911 e
1758 869 1910 912 vicinis

142 943 315 988 coloniis
352 945 513 988 invidia
552 948 596 988 et
635 945 935 998 aemulatione,
978 946 1092 999 quod
1121 946 1239 988 nulla
1267 947 1310 989 in
1341 947 1470 990 Italia
1498 948 1630 991 moles
1659 952 1748 991 tam
1779 961 1913 1002 capax

139 1023 264 1068 foret.
314 1037 576 1080 quocumque
607 1038 709 1068 casu
738 1025 904 1078 accidit,
937 1026 1037 1067 dum
1068 1027 1280 1068 atrociora
1309 1027 1618 1081 metuebantur,
1648 1028 1692 1070 in
1722 1028 1807 1071 levi
1835 1028 1911 1071 ha-

138 1103 288 1158 bitum,
317 1105 486 1148 reddita
505 1106 746 1159 securitate,
776 1108 980 1159 tanquam
1007 1105 1115 1148 nihil
1143 1106 1315 1160 gravius
1345 1107 1438 1160 pati
1467 1108 1720 1162 potuissent,
1750 1121 1910 1152 maere-

139 1185 254 1228 bant.
301 1188 490 1228 ceterum
528 1185 663 1228 multo
705 1198 876 1228 suorum
918 1197 1065 1228 cruore
1102 1185 1252 1239 pulsus
1284 1185 1483 1240 Caecina,
1528 1190 1571 1230 et
1599 1201 1681 1230 nox
1709 1189 1911 1242 parandis
1927 1200 1967 1229 ιο

140 1264 340 1320 operibus
379 1266 615 1320 absumpta.
675 1265 894 1308 Vitelliani
922 1265 1092 1319 pluteos
1123 1269 1345 1320 cratesque
1376 1270 1419 1309 et
1447 1267 1591 1309 vineas
1621 1266 1911 1311 subfodiendis

140 1346 273 1388 muris
303 1347 656 1401 protegendisque
676 1344 1050 1400 obpugnatoribus,
1081 1345 1310 1388 Othoniani
1339 1347 1465 1389 sudes
1496 1350 1540 1389 et
1563 1348 1775 1390 inmensas
1802 1348 1910 1402 lapi-

139 1425 242 1468 dum
270 1438 320 1469 ac
347 1425 511 1480 plumbi
540 1426 735 1480 aerisque
762 1424 895 1468 moles
924 1424 1234 1479 perfringendis
1266 1426 1460 1480 operibus
1489 1426 1801 1482 obruendisque
1835 1428 1910 1471 ho-
1933 1478 1938 1483 ,

137 1505 276 1548 stibus
317 1506 556 1560 expediunt.
602 1506 816 1559 utrimque
854 1506 1011 1559 pudor,
1052 1506 1267 1560 utrimque
1298 1506 1435 1559 gloria
1465 1510 1507 1549 et
1537 1507 1730 1550 diversae
1759 1508 1910 1551 exhor-

137 1586 323 1629 tationes
351 1585 451 1629 hinc
477 1585 691 1640 legionum
722 1588 766 1627 et
795 1585 1035 1628 Germanici
1065 1586 1274 1629 exercitus
1304 1586 1433 1629 robur
1446 1620 1456 1639 ,
1488 1587 1585 1630 inde
1613 1588 1801 1631 urbanae
1830 1590 1908 1631 mi·
1924 1601 1964 1631 15

135 1665 256 1709 litiae
296 1669 339 1709 et
366 1667 677 1720 praetoriarum
707 1665 943 1708 cohortium
980 1666 1110 1708 decus
1147 1665 1453 1719 attollentium;
1495 1666 1559 1710 illi
1588 1671 1636 1710 ut
1666 1680 1835 1723 segnem
1865 1672 1909 1711 et

229 1818 249 1848 2
284 1816 374 1847 cinos
397 1814 428 1857 (s
452 1815 512 1846 del.
540 1814 604 1857 lm)
698 1814 754 1856 213
790 1816 997 1855 amphiteatri
1089 1818 1111 1847 4
1146 1816 1272 1847 flandes
1364 1816 1500 1847 obsesso
1594 1818 1613 1847 5
1639 1818 1783 1857 opsessis
1807 1817 1906 1860 (corr.

137 1859 202 1904 lm)
294 1862 389 1902 paria
412 1866 568 1900 regei-unt
601 1861 735 1892 Meiser:
761 1866 934 1901 reportans
958 1865 1077 1901 gerunt
1107 1859 1239 1905 (gerunt
1260 1861 1295 1892 in
1318 1872 1437 1892 rasura
1463 1860 1549 1903 lm),
1584 1867 1739 1901 regei-unt
1761 1864 1907 1895 Puteola-

136 1917 207 1946 nus,
229 1910 353 1939 retorta
366 1907 521 1946 ingerunt
537 1907 605 1938 Iac.
624 1907 802 1939 Gronovius
895 1910 914 1939 6
940 1908 1056 1938 fraude
1068 1905 1090 1950 ΙΙ
1112 1908 1116 1949 Ι
1137 1907 1210 1948 (litt.
1227 1907 1283 1938 m?
1299 1906 1410 1948 erasa)
1481 1912 1513 1939 et
1537 1906 1591 1949 (ex
1608 1909 1720 1951 Halm)
1814 1911 1833 1941 7
1859 1911 1906 1940 in-

137 1954 229 1984 vidia
243 1958 277 1984 et
300 1955 467 1984 Muretus:
487 1953 614 1993 Inuidie
683 1955 820 1984 molesta
913 1953 989 1995 9110
1014 1953 1186 1984 merebant
1280 1955 1321 1985 10
1344 1955 1440 1993 pulso
1465 1953 1522 1984 sed
1539 1963 1620 1985 corr.
1642 1958 1691 1985 lm
1784 1957 1824 1986 11
1850 1956 1906 1986 ab·

136 2003 267 2039 sumpta
291 2001 455 2030 Muretus.-
477 2003 645 2039 assumpta
738 2000 778 2030 13
804 1999 1047 2038 perfringendis
1071 1999 1225 2039 operibus
1250 1999 1344 2030 dett„-
1367 2000 1610 2039 perfringendis
1630 1999 1636 2043 Ι
1727 1999 1826 2044 14115
1852 2012 1905 2032 ex-

138 2045 318 2077 ortationes

136 2171 224 2203 Ann.
250 2173 311 2210 12,
337 2173 378 2204 31
414 2182 535 2212 gnarus
562 2171 678 2211 primis
710 2169 869 2201 eventibus
892 2174 1003 2200 metum
1038 2169 1141 2201 medio
1163 2170 1256 2209 ylans
1278 2169 1472 2200 intabescere
1487 2170 1598 2209 eaelo;
1622 2170 1771 2203 similiter
1790 2173 1819 2210 2,
1839 2173 1904 2203 727

137 2233 194 2259 aut
205 2228 368 2269 fiduciam
390 2219 509 2269 yiynis
536 2229 622 2259 nist.
648 2231 679 2267 3,
703 2230 746 2260 70
771 2232 873 2258 cetera
897 2237 1003 2258 secun-
1040 2228 1187 2266 aliosque
1221 2228 1332 2266 locos,
1369 2237 1451 2266 quos
1486 2228 1580 2258 affert
1603 2228 1736 2267 Lipsius
1769 2228 1810 2259 de
1834 2229 1902 2259 mil.

137 2286 212 2317 dum
234 2291 375 2318 eventum
392 2287 515 2327 proelii
535 2295 675 2316 cessura.
1039 2285 1132 2315 Rom.
1151 2285 1182 2322 5,
1202 2285 1253 2315 20.
1279 2302 1324 2306 —
1347 2283 1497 2314 missilem
1521 2282 1635 2327 iynem]
1661 2285 1804 2315 nobilius
1821 2286 1903 2316 dixit

182 2345 238 2376 21.
285 2344 430 2375 veteram·
450 2343 605 2374 exercitus
627 2342 761 2384 artibus]
794 2344 942 2374 cautione
965 2352 1003 2374 ac
1039 2351 1137 2381 quam
1161 2340 1352 2380 vulgaribus
1374 2340 1488 2372 verbis
1512 2341 1694 2380 malleolos,
1723 2341 1903 2381 falaricas.

137 2401 321 2441 prudentia.
347 2419 391 2424 —
415 2397 538 2442 aperti]
564 2410 629 2431 non
654 2401 731 2431 tecti
755 2401 896 2440 pluteis,
931 2410 1002 2431 cra·
1038 2399 1080 2430 cf.
1106 2399 1198 2438 Lips.
1222 2398 1394 2429 Poliorcet.
1423 2400 1454 2436 5,
1481 2399 1510 2429 5.
1537 2415 1578 2421 —-
1608 2399 1712 2437 paria
1743 2397 1900 2441 reqerunt]

135 2457 224 2489 tibus
247 2457 431 2498 vineisque,
456 2457 573 2498 quibus
598 2461 839 2498 oppugnatores
864 2457 1003 2497 protecti
1039 2457 1079 2487 cf.
1116 2458 1151 2494 1,
1179 2456 1220 2485 74
1249 2455 1353 2494 paria
1384 2454 1526 2485 Vitellius
1558 2454 1754 2495 ostentabat,
1792 2457 1833 2494 4,
1860 2457 1904 2487 54

138 2525 249 2546 muros
272 2515 436 2547 suffodere
461 2516 578 2553 solent,
604 2515 746 2546 dictione
770 2515 872 2554 petita
888 2524 907 2545 a
924 2515 1001 2544 ludo
1032 2513 1135 2552 paria
1159 2512 1196 2542 de
1220 2511 1397 2542 Britannia
1414 2511 1625 2551 finyebantur,
1665 2512 1751 2542 Anu.
1782 2514 1833 2550 11,
1860 2512 1901 2543 26

137 2572 342 2613 gladiatorio,
366 2573 400 2603 in
417 2582 481 2612 qno
498 2573 583 2603 latus
600 2576 754 2611 apertum,
779 2572 866 2610 quod
884 2571 1003 2602 ictibus
1033 2570 1135 2609 paria
1158 2573 1334 2599 metuentes.
1368 2568 1484 2598 vitium
1508 2569 1542 2598 in
1558 2568 1716 2607 Mediceo,
1740 2573 1777 2599 ut
1793 2578 1902 2608 saepe,

137 2633 246 2670 patet,
281 2633 318 2661 ut
349 2630 436 2669 apud
459 2630 534 2660 Liv.
560 2630 625 2669 25,
653 2630 704 2660 16.
732 2630 774 2661 38
801 2632 833 2660 et
855 2629 895 2659 al.
934 2629 1002 2659 RU—

137 2694 253 2720 Pna'n.
277 2687 319 2719 cf.
344 2687 467 2719 Caesar
489 2687 521 2717 b.
540 2686 579 2718 G.
609 2687 638 2725 7,
666 2687 718 2724 25,
746 2688 761 2716 1
788 2685 913 2716 deustos
930 2685 1003 2725 plu-

136 2748 204 2776 teon
225 2745 361 2776 tun-ium
383 2744 532 2775 videbant
560 2753 617 2774 nec
630 2742 737 2783 facile
761 2743 853 2773 adire
877 2747 1002 2782 apertos

138 2800 187 2832 ad
215 2801 441 2833 auxiliandum
475 2800 776 2832 animadvertebant.
801 2819 846 2823 —
881 2799 1003 2839 amphi-

139 2858 256 2890 theatri
287 2857 378 2902 opus]
413 2859 664 2898 Amphitheatre
696 2858 760 2888 ista
791 2857 1003 2897 municipalia

140 2914 257 2955 ligneis
279 2915 492 2956 compagibus
523 2918 690 2947 exstructa
722 2918 834 2954 erant3
871 2915 918 2945 sic
941 2914 1003 2944 hoc

143 2971 379 3012 Placentinum,
403 2973 546 3004 Fidenas
562 2973 643 3003 illud
660 2972 697 3003 A.
715 2973 748 3010 4,
767 2973 821 3003 62.
847 2989 891 2994 -
914 2971 1002 3010 ylan-

142 3025 209 3071 dee]
233 3029 287 3060 hic
307 3029 461 3061 videntur
484 3039 550 3060 non
573 3029 690 3060 solitae
713 3029 792 3060 illae
816 3027 1001 3068 plumbeae,

141 3094 278 3123 quarum
300 3094 366 3117 una
388 3089 538 3127 superest
561 3096 634 3118 cum
650 3085 860 3125 inscriptione
877 3083 1002 3115 ROMA

141 3141 246 3172 mem
279 3142 395 3186 (Inscr.
425 3153 470 3174 m.
494 3144 532 3174 L.
557 3145 598 3174 N.
624 3141 748 3185 4932),
786 3143 843 3174 sed
878 3143 1002 3173 ferreae

140 3198 325 3238 candentes,
349 3199 394 3230 les
415 3198 520 3239 qlobes
544 3200 673 3231 ardema
698 3200 879 3231 Louandre.
909 3203 944 3230 at
959 3199 1001 3229 cf.

142 3255 314 3287 Lucretius
338 3257 378 3295 6,
405 3258 470 3288 306
496 3256 646 3296 plumbea
676 3267 770 3297 saepe
794 3257 935 3287 Fervida
965 3256 1003 3294 fit

141 3312 235 3352 ylaris
257 3313 292 3343 in
305 3322 409 3352 canu,
434 3323 502 3344 cum
524 3313 624 3344 multa
645 3314 762 3353 riqon'e
787 3314 930 3354 Corpora
954 3313 1003 3343 ‹li-

141 3370 264 3401 ma'ttem
286 3369 389 3409 iqnem
412 3371 551 3410 concepit
572 3370 606 3401 in
627 3372 719 3402 auria
751 3375 784 3403 et
807 3370 903 3402 ovid.
927 3373 1002 3401 met.

143 3429 205 3468 14,
231 3427 296 3460 825
331 3431 366 3458 ut
395 3427 465 3459 lata
489 3427 639 3468 plumbea
662 3427 774 3467 sunda
800 3428 903 3458 Missa
926 3427 1003 3458 solet

1040 2631 1145 2657 ortum
1170 2629 1220 2657 est
1243 2625 1380 2666 syllabis
1403 2625 1626 2664 transpositis.
1649 2642 1693 2648 -
1726 2625 1851 2655 invidia
1875 2630 1903 2655 et

1038 2682 1258 2722 aemulatione]
1292 2683 1370 2712 item
1396 2682 1427 2721 3,
1454 2682 1518 2723 653
1552 2682 1592 2712 cf.
1619 2683 1651 2720 2,
1680 2683 1762 2713 101:
1797 2691 1902 2712 aemu-

1038 2741 1154 2771 latione
1178 2740 1272 2770 etiam
1295 2739 1487 2778 invidiaque.
1531 2741 1572 2778 1,
1598 2740 1659 2770 65:
1693 2738 1776 2768 unde
1798 2748 1901 2769 aemu-

1039 2797 1117 2828 latio
1142 2801 1170 2827 et
1192 2796 1324 2827 invidia.
1350 2813 1395 2820 -
1429 2795 1463 2826 in
1486 2795 1549 2826 levi
1568 2793 1722 2838 habitum]
1757 2795 1842 2826 Ann.
1869 2797 1901 2834 3,

1041 2855 1081 2885 54
1106 2853 1141 2883 in
1162 2852 1227 2883 levi
1247 2852 1432 2883 habendum.
1457 2871 1501 2876 —
1533 2849 1716 2894 absumpta]
1742 2852 1828 2882 idem
1852 2852 1900 2882 vi-

1039 2912 1137 2948 tium,
1173 2909 1261 2948 quod
1285 2909 1355 2949 hic,
1388 2910 1422 2941 in
1445 2909 1590 2940 Mediceo
1614 2908 1752 2939 recurrit
1776 2910 1819 2947 4,
1845 2908 1899 2947 60,

1039 2968 1095 2998 ubi
1119 2967 1238 3006 legitur
1270 2966 1440 3006 assumptis
1465 2965 1610 2996 iumentis
1642 2974 1703 3005 pro
1726 2964 1901 3004 absumptis

1038 3023 1192 3056 iumentis.
1215 3041 1260 3046 -—
1293 3023 1419 3063 pluteos
1452 3020 1526 3065 cet.]
1562 3022 1608 3052 les
1638 3021 1819 3059 maritelets,
1856 3021 1901 3051 len

1039 3083 1145 3121 claies,
1170 3082 1215 3112 lea
1237 3080 1372 3119 ,valerias
1395 3079 1578 3110 Louandre.
1605 3078 1644 3109 cf.
1661 3078 1776 3117 Veget.
1794 3079 1828 3116 4,
1848 3078 1899 3109 15.

1039 3140 1129 3179 Lips.
1153 3138 1324 3169 Polior-cet.
1353 3138 1369 3167 1
1385 3159 1393 3175 ,
1419 3138 1449 3167 7.
1473 3154 1518 3159 -
1548 3133 1667 3178 qloria]
1704 3134 1818 3165 Gloria
1853 3137 1903 3165 est

1039 3197 1071 3228 h.
1090 3197 1111 3226 1.
1136 3195 1259 3234 gloriae
1284 3193 1421 3233 cupido,
1446 3197 1482 3223 ut
1505 3192 1591 3232 apud
1617 3191 1808 3222 Ciceronem
1836 3199 1902 3221 non

1039 3263 1102 3285 uno
1134 3253 1225 3292 loco3
1262 3250 1348 3290 quod
1372 3250 1441 3281 vidi
1467 3249 1627 3280 Savilinm
1660 3257 1725 3278 non
1756 3246 1901 3277 animad-

1038 3310 1185 3342 vertisse.
1223 3309 1308 3339 Eun.
1361 3307 1424 3337 Ilic
1448 3306 1573 3338 scilicet
1595 3304 1788 3345 explicavit:
1815 3303 1901 3342 „Pn-

1038 3369 1106 3405 dor,
1131 3367 1159 3397 si
1183 3366 1411 3402 vincerentur,
1436 3364 1560 3403 gloria,
1584 3362 1613 3393 si
1637 3361 1818 3392 vincerent.
1856 3360 1897 3392 cs.

1038 3423 1220 3464 Nipperdey
1244 3422 1284 3453 ad
1309 3422 1393 3452 Ann.
1414 3422 1445 3458 1,
1471 3422 1514 3452 43
1533 3419 1641 3459 pudor
1664 3422 1693 3449 et
1716 3417 1830 3457 ylort'a.
1857 3433 1901 3439 -

1542 3474 1630 3516 22*
