2176 3672
691 355 862 400 LIBER
889 355 967 400 m.
1026 354 1127 410 Cap.
1156 355 1224 399 35.
1254 355 1322 399 36.
1352 355 1421 398 37.
1857 351 1940 394 417

312 470 407 526 (36)
437 471 497 514 At
523 470 722 515 Vitellius
750 470 941 524 profecto
969 469 1163 523 Caecina,
1202 482 1297 512 cum
1326 468 1503 513 Fabium
1532 467 1756 511 Valentem
1795 465 1945 520 paucis

169 553 271 606 post
298 550 546 597 diebusffaffi
560 544 727 595 ‘bellum
757 551 997 606 inpulisset,
1036 550 1149 594 curis
1178 550 1322 592 luxum
1352 548 1623 593 obtendebat.
1683 559 1764 590 non
1793 558 1946 601 parare

170 643 302 685 arma,
331 643 413 674 non
443 630 641 685 adloquio
669 631 953 686 exercitioque
971 630 1147 674 militem
1177 629 1358 682 firmare,
1387 641 1469 672 non
1499 629 1541 671 in
1572 640 1644 671 ore
1673 627 1785 682 volgi
1806 638 1946 680 agere,

170 711 247 756 sed
275 710 533 755 umbraculis
561 711 779 754 hortorum
809 711 995 763 abditus,
1034 715 1083 754 nt
1122 711 1277 764 ignava
1304 709 1518 762 animalia,
1547 708 1701 762 quibus
1739 707 1777 750 si
1805 706 1945 750 cibum

171 803 389 846 suggeras,
430 791 569 835 iacent
598 795 867 846 torpentque‚
905 791 1139 845 praeterita
1177 790 1384 833 instantia
1420 788 1565 832 futura
1603 788 1698 842 pari
1738 786 1947 831 oblivione
1983 801 2003 831 5

169 869 407 914 dimiserat.
465 874 596 925 atque
624 870 744 915 illum
782 871 825 915 in
855 883 1024 914 nemore
1052 870 1223 914 Aricino
1263 870 1452 913 desidem
1492 872 1536 912 et
1563 872 1820 911 marcentem
1850 879 1947 921 pro·

173 949 282 994 ditio
311 950 466 993 Lucilii
494 950 618 994 Bassi
662 963 713 994 ac
742 950 925 1009 defectio
971 950 1117 994 classis
1157 950 1418 994 Ravennatis
1458 949 1653 1003 perculit.
1712 960 1787 991 nec
1815 946 1949 989 multo

168 1032 271 1084 post
298 1029 353 1073 de
382 1029 570 1074 Caecina
600 1030 798 1074 adfertur
817 1032 973 1074 mixtus
1001 1031 1157 1085 gaudio
1187 1030 1318 1082 dolor,
1348 1034 1391 1072 et
1421 1028 1649 1072 descivisse
1677 1031 1722 1072 et
1750 1027 1805 1071 ab
1834 1039 1948 1071 exer-

171 1109 262 1154 citu
290 1109 491 1154 vinctmn.
549 1111 650 1165 plus
696 1111 811 1165 apud
845 1111 1063 1155 socordem
1093 1111 1279 1153 animum
1308 1110 1474 1152 laetitia
1503 1121 1629 1162 quam
1671 1120 1772 1151 cura
1800 1107 1947 1151 valuit.

171 1189 309 1234 multa
338 1202 433 1233 cum
464 1190 724 1234 exultatione
762 1191 804 1233 in
845 1191 992 1234 urbem
1031 1196 1224 1234 revectus
1263 1189 1475 1244 frequenti
1511 1189 1704 1232 contione
1743 1188 1948 1242 pietatem
1963 1199 2006 1228 10

171 1269 357 1314 militum
386 1270 586 1314 laudibus
614 1270 815 1314 cumulat.
874 1270 1102 1314 Publilium
1133 1269 1334 1314 Sabinum
1364 1269 1567 1323 praetorii
1604 1267 1866 1323 praefectum
1896 1267 1949 1311 ob

172 1350 406 1395 amicitiam
439 1350 645 1395 Caecinae
674 1351 822 1395 vinciri
852 1351 984 1404 iubet,
1014 1351 1248 1394 substituto
1276 1350 1320 1393 in
1348 1349 1488 1392 locum
1525 1349 1616 1392 eius
1645 1348 1795 1391 Alfeno
1822 1349 1950 1392 Varo.

172 1429 274 1486 (37)
304 1441 399 1473 mox
428 1434 621 1474 senatum
664 1431 897 1485 composita
934 1431 976 1473 in
1016 1429 1372 1485 magnificentiam
1412 1429 1602 1472 oratione
1632 1428 1854 1472 adlocutus
1881 1441 1950 1472 ex-

172 1509 343 1565 quisitis
363 1514 535 1564 patrum
566 1510 885 1554 adulationibus
914 1510 1138 1554 attollitur.
1169 1510 1336 1553 initium
1368 1510 1525 1553 atrocis
1551 1509 1594 1551 in
1616 1508 1838 1552 Caecinam
1860 1521 1950 1551 sen-

172 1590 336 1635 tentiae
364 1603 391 1633 a
419 1590 469 1633 L.
499 1590 671 1634 Vitellio
700 1590 884 1643 factum3
928 1590 1026 1634 dein
1058 1590 1187 1634 ceteri
1226 1590 1461 1644 composita
1497 1589 1799 1643 indignatione,
1839 1589 1951 1643 quod
1969 1600 2008 1630 15

173 1669 317 1715 consul
346 1683 435 1714 rem
462 1670 690 1725 publicam,
721 1672 808 1714 dux
838 1671 1153 1725 imperatorem,
1182 1671 1316 1714 tantis
1345 1670 1496 1724 opibus
1525 1674 1591 1712 tot
1619 1669 1850 1713 honoribus
1880 1681 1952 1712 cu-

175 1749 365 1794 mulatus
393 1751 576 1794 amicum
606 1752 883 1806 prodidisset,
912 1751 1029 1795 velut
1057 1764 1135 1805 pro
1154 1751 1327 1794 Vitellio
1356 1754 1659 1804 conquerentes
1688 1762 1809 1793 suum
1841 1749 1955 1792 dolo-

174 1840 265 1873 rem
305 1829 591 1884 proferebant.
665 1832 781 1875 nulla
817 1833 860 1875 in
898 1832 1090 1876 oratione
1129 1832 1377 1885 cuiusquam
1416 1844 1519 1885 erga
1558 1831 1784 1873 Flavianos
1825 1829 1953 1873 duces

175 1909 450 1954 obtrectatio:
490 1924 675 1955 errorem
714 1912 1114 1966 inprudentiamque
1155 1912 1414 1955 exercituum
1454 1911 1675 1965 culpantes
1703 1910 1954 1964 Vespasiani

177 2002 326 2034 nomen
355 1992 551 2046 suspensi
590 1996 634 2035 et
663 1992 887 2036 vitabundi
918 1991 1205 2036 circumibant.
1265 2003 1343 2035 nec
1372 1991 1509 2034 defuit
1536 1991 1609 2045 qui
1646 2003 1774 2034 unum
1806 2003 1953 2033 consu·
1966 1999 2009 2030 20

177 2070 292 2115 latus
320 2072 431 2116 diem
473 2072 530 2126 (is
559 2072 670 2115 enim
711 2072 754 2115 in
794 2072 929 2115 locum
969 2071 1173 2116 Caecinae
1211 2073 1453 2127 supererat)
1492 2083 1645 2126 magno
1685 2083 1779 2114 cum
1821 2070 1954 2113 inrisu

316 2235 336 2265 3
361 2233 506 2264 firmaret
529 2233 585 2264 aed
606 2242 692 2264 oon.
720 2236 780 2264 lm.
874 2234 894 2264 5
922 2242 1079 2273 suggeras
1103 2243 1142 2264 aa:
1164 2236 1343 2273 suggerant
1366 2243 1451 2264 corr.
1479 2235 1539 2264 lm.
1632 2235 1652 2265 7
1676 2231 1811 2272 pertulit
1846 2235 1879 2271 (c
1902 2243 1954 2264 ew

172 2287 298 2320 μανον.
332 2283 362 2310 d
393 2279 429 2310 ὑι
460 2280 605 2319 mar-qim
633 2289 674 2310 cu
706 2279 786 2310 add.
813 2281 890 2317 lm.)
985 2282 1023 2310 11
1050 2278 1231 2310 Publilium
1262 2279 1384 2310 Halm.-
1416 2278 1558 2318 plubilifi
1651 2280 1692 2310 12
1716 2279 1791 2309 loci
1823 2289 1862 2310 ez
1881 2279 1953 2309 loco

178 2347 263 2414 οἱπ.
298 2339 358 2368 lm.
454 2338 496 2368 15
525 2337 623 2368 ceteri
647 2347 686 2368 ex
717 2340 826 2367 cetera
860 2346 943 2367 corr.
982 2339 1032 2367 lm
1126 2339 1166 2367 16
1202 2326 1281 2368 con}
1373 2346 1442 2367 rem
1465 2346 1497 2376 p.
1593 2338 1632 2368 17
1658 2336 1782 2367 amicus
1815 2336 1953 2367 amicum

216 2392 300 2414 cuer

227 2521 282 2552 ³6.
305 2524 341 2551 at
378 2517 537 2563 Vitellius]
561 2520 736 2551 revertitur
770 2520 813 2550 ad
849 2522 880 2557 2,
908 2521 984 2551 101.
1010 2539 1051 2543 —
1134 2520 1187 2550 37.
1218 2520 1393 2558 composita
1416 2517 1648 2563 indignatione]
1673 2525 1751 2551 nota
1774 2521 1862 2551 idem
1881 2530 1955 2551 ver-

180 2577 228 2609 αα
249 2576 362 2609 bouum
378 2574 554 2619 inpulisset]
578 2577 619 2606 ad
646 2576 767 2607 bellum
792 2578 964 2609 confestim
978 2587 1052 2616 pro·
1087 2575 1166 2607 bum
1190 2577 1238 2608 sic
1262 2578 1409 2616 proxime
1441 2577 1613 2616 repetitum
1648 2580 1723 2616 post
1755 2587 1810 2608 vv.
1834 2587 1955 2617 compo-

180 2635 283 2666 fieisci
307 2634 467 2666 iussisset.
492 2650 536 2656 -
560 2632 759 2677 obtendebat]
785 2635 804 2665 i.
832 2645 859 2665 e.
886 2635 972 2665 curis
997 2645 1051 2665 ne·
1086 2634 1317 2665 anza-oracione.
1343 2635 1401 2666 sed
1427 2644 1523 2665 nemo
1550 2635 1750 2673 frequentius
1767 2634 1890 2664 talibus
1906 2644 1955 2664 re-

181 2692 297 2732 glectis
319 2691 411 2722 luxui
435 2690 639 2729 indulgebat.
664 2691 726 2721 Tu.
752 2691 956 2722 Kmssmuo.
986 2692 1049 2722 Me·
1087 2691 1311 2730 petitionibus,
1337 2696 1372 2722 ut
1394 2692 1440 2722 ita
1462 2692 1580 2729 dicam,
1605 2691 1696 2721 abuti
1709 2692 1841 2722 videtur
1858 2701 1956 2730 quam

181 2749 320 2789 tapbora
344 2758 364 2779 a
381 2747 458 2779 velo
482 2748 653 2787 translata,
679 2748 756 2787 quia
770 2750 898 2779 velatur
915 2749 1051 2788 aliquid,
1088 2747 1209 2779 Livius.
1234 2765 1278 2770 —
1302 2746 1494 2791 cumulatus]
1520 2748 1668 2779 desidero
1704 2748 1802 2778 tertio
1826 2757 1956 2787 quoque

181 2815 224 2837 ne
257 2808 425 2846 appareat.
459 2805 656 2836 WAL‘mBR.
681 2822 725 2828 —
749 2806 783 2835 in
818 2803 885 2849 ore]
909 2806 942 2835 iu
975 2815 1050 2835 con·
1088 2805 1159 2835 loco
1176 2804 1442 2846 (consul—dux)
1468 2814 1585 2835 nomen
1603 2805 1864 2836 substantivum:
1893 2804 1956 2835 for-

182 2867 319 2904 spoctug
354 2863 472 2893 modus
496 2866 545 2893 est
570 2862 788 2894 Sallustianus
823 2863 910 2894 Hist.
938 2863 960 2892 1.
990 2863 1052 2893 98:
1088 2865 1174 2892 tasse
1206 2862 1306 2900 igitur
1338 2866 1414 2892 aute
1447 2862 1583 2892 amicum
1615 2862 1735 2892 excidit
1766 2862 1887 2891 amicus
1913 2861 1956 2891 cs.

181 2920 218 2951 n‘n
239 2929 294 2951 ore
317 2929 415 2958 oyem
448 2919 600 2958 uentibus,
630 2920 759 2959 populo,
797 2919 929 2952 cimba.
966 2924 997 2949 et
1021 2919 1052 2949 11
1087 2918 1205 2948 Accius
1239 2919 1278 2948 fr.
1307 2921 1370 2951 132
1396 2919 1453 2957 qui
1485 2928 1583 2956 neque
1607 2918 1710 2948 amai-o
1748 2918 1870 2948 amicus
1892 2928 1956 2948 um-

184 2978 243 3016 50,
266 2979 286 3008 4
312 2988 335 3007 a
352 2976 466 3016 prim
489 2977 708 3008 adulescentia
732 2978 765 3007 in
789 2986 843 3007 ore
865 2981 970 3007 vomo
982 2976 1052 3015 pri-
1087 2986 1182 3014 quam
1205 2977 1315 3015 ymnis
1338 2985 1438 3014 neque
1460 2975 1545 3005 hosti
1565 2975 1663 3006 hosn'a
1679 2974 1760 3013 suit.
1793 2974 1955 3016 (Ribbeck

184 3038 278 3065 vm
310 3038 340 3065 ee
362 3034 397 3064 in
419 3034 661 3074 Μαρίαν-αἰῶνι
684 3036 741 3074 eyi-
776 3034 908 3064 Tacitus
941 3043 1052 3063 rursus
1088 3037 1169 3070 trag.
1197 3033 1290 3064 Rom.
1317 3034 1355 3063 fr.
1382 3031 1431 3075 (2)
1454 3041 1484 3070 p.
1507 3033 1596 3069 153.)
1622 3050 1663 3055 -—
1690 3041 1779 3062 auum
1804 3028 1957 3075 dolorem]

185 3100 213 3121 c.
240 3093 306 3122 ⁷7:
340 3091 488 3122 Iulia-ms
511 3109 525 3115 -
540 3109 552 3115 ·
577 3092 611 3122 in
635 3102 688 3123 ore
723 3092 789 3122 eiua
806 3091 983 3130 juquhoeur.
1010 3108 1052 3113 ——
1090 3091 1150 3120 hoc
1175 3096 1233 3127 est,
1258 3100 1354 3129 quem
1390 3099 1429 3119 ex
1454 3089 1615 3119 Caecinae
1649 3089 1777 3120 iniuriis
1803 3088 1956 3128 privatim

186 3146 220 3177 ἐι
242 3156 367 3178 nemore
383 3146 535 3191 Aricino]
562 3149 683 3187 Aricia,
708 3148 863 3188 oppidum
884 3147 978 3183 Latii,
998 3147 1053 3176 ho—
1089 3147 1284 3185 publiceque
1316 3150 1480 3186 ceperant.
1515 3156 1588 3176 eum
1613 3155 1686 3176 cum
1716 3146 1796 3176 alias
1821 3146 1957 3184 pressis-

187 3203 240 3234 die
262 3201 299 3233 la
320 3203 443 3242 Biz-cia,
476 3204 556 3235 XVI
594 3206 636 3235 M.
662 3206 699 3236 Ρ.
736 3215 755 3236 a
790 3206 893 3235 Roma
919 3205 1054 3241 distans,
1070 3229 1072 3257 i
1090 3208 1172 3238 sent.
1198 3208 1274 3233 tunc
1298 3203 1360 3234 sub
1384 3203 1442 3233 illa
1465 3202 1573 3242 specie
1591 3202 1743 3233 edebant.
1768 3203 1868 3241 igitur
1885 3212 1957 3241 gra-

187 3263 300 3291 notum
325 3265 459 3300 propter
474 3260 616 3292 Dianam
628 3261 860 3300 Nemoreneem,
886 3266 920 3292 ut
944 3261 1053 3300 appel·
1070 3280 1073 3309 Σ
1090 3261 1174 3290 viter
1209 3260 1327 3290 invecti
1360 3259 1393 3289 in
1426 3259 1612 3295 Caecinam,
1645 3268 1712 3289 non
1737 3258 1872 3294 Vitellii.
1899 3260 1957 3291 sed

188 3316 318 3347 labatur
342 3317 385 3347 ob
409 3317 536 3348 celebre
565 3323 661 3358 atque
685 3319 949 3350 amoenissimum
975 3318 1053 3347 illud
1070 3312 1073 3323 “
1090 3318 1157 3347 suis
1181 3316 1308 3347 iniuriis
1333 3316 1466 3346 incensi.
1492 3315 1579 3345 Ean.
1595 3333 1634 3338 -
1650 3316 1678 3345 is
1701 3315 1783 3346 enim
1805 3316 1955 3347 inlocum

187 3383 307 3414 nemun,
340 3374 372 3404 in
405 3382 468 3412 quo
502 3374 670 3406 colebatur
694 3386 767 3406 cum
792 3376 918 3405 Vin-bio.
956 3375 1052 3411 Verg.
1090 3371 1258 3415 Caecinae]
1291 3375 1340 3403 ›is
1364 3373 1449 3403 enim
1475 3382 1557 3402 unus
1582 3372 1652 3403 dies
1676 3377 1844 3411 supererat
1868 3373 1957 3411 (post

188 3431 271 3461 Aen.
298 3432 329 3469 7,
355 3432 420 3462 515
446 3434 479 3462 et
503 3432 580 3463 761.
606 3431 705 3462 Ovid.
733 3433 810 3463 Met.
840 3433 891 3469 15,
916 3433 992 3463 497.
1015 3449 1052 3454 -
1071 3446 1073 3472 3
1091 3439 1240 3460 severum
1266 3429 1349 3460 illud
1373 3430 1406 3459 in
1424 3429 1598 3462 Caecinam
1621 3434 1754 3460 senatus
1778 3429 1957 3468 decretum)

189 3486 359 3518 Milium
383 3484 548 3530 Sohaemus]
573 3489 614 3519 cs.
639 3490 671 3526 2,
697 3489 750 3520 92.
1071 3484 1214 3529 {volenti
1239 3486 1412 3517 succedere
1449 3486 1482 3516 in
1507 3487 1614 3517 locum
1638 3486 1799 3517 Caecinae
1836 3486 1906 3516 sive
1931 3485 1957 3515 si
