2176 3672
443 255 501 291 ⁷³!
563 262 591 285 λ·
669 276 671 279 ·
875 253 1134 310 ·Οιί.Ρ.’4.’

1781 251 1863 296 155

110 364 411 431 int-mne
435 371 643 419 naturam,
674 366 789 422 quod
825 367 967 409 statim
992 367 1198 422 parvulus
1234 366 1382 409 sedem
1416 381 1467 410 ac
1506 366 1750 422 magistram
1778 369 1863 407 stu-

101 447 154 460 ‘⁹
266 459 276 502 ¹j
293 459 303 502 j
344 456 350 467 ⁵
381 437 751 498 jambuit,
752 435 904 482 locum
929 439 1097 483 Graeca
1133 440 1330 483 comitate
1366 444 1410 483 et
1446 438 1696 496 provinciali
1729 439 1863 495 parsi-

175 501 245 563 ό ἷ
268 516 476 560 mixtum
510 527 561 557 ac
599 513 712 556 bene
758 514 1048 570 compositum
1098 515 1302 557 memoria
1343 518 1471 557 teneo
1513 513 1683 556 solitum
1725 513 1864 568 ipsum

194 579 195 582 ¹
301 590 357 633 ise
385 588 524 645 prima
550 587 593 630 in
633 587 807 630 iuventa
846 587 1034 630 studium
1063 588 1366 644 philosophiae⁴
1395 588 1546 642 acrius,
1583 587 1696 629 ultra
1724 600 1863 642 -quam

267 682 294 700 »ι
320 683 340 700 n
379 662 573 705 Romano
602 675 652 704 ac
681 662 878 712 senatori,
910 661 1111 712 hausisse,
1141 662 1186 704 ni
1212 662 1441 717 prudentia
1468 661 1614 721 matris
1642 660 1862 703 incensum
1881 678 1896 703 ι

170 791 178 807 ,1
192 782 211 802 Π,
238 721 244 726 ’
303 756 337 774 2·
349 741 437 780 tem
465 736 653 778 animum
682 735 947 778 coercuisset.
990 735 1151 778 scilicet
1169 735 1345 778 sublime
1365 739 1410 778 et
1428 737 1619 777 erectum
1646 734 1864 790 ingenium

189 805 195 820 ²
233 809 465 869 findinem
504 823 554 851 ac
597 809 784 864 speciem
827 823 1008 864 magnae
1054 809 1336 864 excelsaeque
1365 808 1528 864 gloriae
1570 807 1865 850 vehementius

124 885 169 915 “1
204 905 223 922 ιι
265 887 390 927 caute
419 882 662 940 adpetebat.
693 897 795 925 mox
823 883 1034 938 mitigavit
1061 883 1170 925 ratio
1205 887 1248 925 et
1282 886 1418 936 aetas3
1449 881 1720 937 retinuitque,
1751 880 1864 937 quod

143 980 155 995 ,ι
199 957 514 1011 difficillimum,
545 970 602 999 ex
630 957 841 1012 sapientia
869 956 1053 999 modum.

99 1014 110 1056 ’ἰ
176 1030 179 1032 -

103 1163 418 1197 tanacetum-ae
434 1162 644 1194 senientiam
654 1173 791 1202 poenae.
807 1164 887 1193 Διιιι.
897 1163 933 1195 11.
943 1165 959 1193 1

107 1213 225 1242 cancta
249 1209 473 1241 venerantiam
488 1207 614 1248 officia.
648 1209 685 1239 11.
695 1208 712 1238 7
718 1209 736 1238 6
746 1209 813 1240 Nec
827 1208 963 1248 speeiem

105 1253 283 1287 adulantis
296 1254 479 1294 expaveris.

151 1300 274 1332 Bonan
298 1299 521 1340 integramque
551 1297 730 1336 nataramJ.
770 1299 845 1329 dial.
869 1308 894 1329 c.
921 1300 961 1329 28

106 1345 238 1379 sima
249 1349 283 1378 et
292 1344 426 1384 inteqra
439 1349 470 1376 et
482 1343 586 1375 nullis
594 1344 822 1385 pravitatibus
837 1343 965 1375 detorta

143 1433 367 1473 ³Mt‘omL
402 1435 463 1466 cie.
482 1435 581 1466 Flac.
598 1435 652 1470 26,
671 1435 712 1464 63
737 1434 893 1465 Massilia
915 1450 964 1474 —,

105 1481 207 1514 oet-s
212 1491 278 1522 syo
282 1479 434 1512 civitatis
441 1479 656 1518 disciplinam
662 1484 760 1519 atque
771 1479 964 1519 yravitatem

105 1525 288 1561 mulam
309 1526 478 1561 Graeciae,
503 1525 562 1556 sed
582 1525 673 1555 haud
694 1525 762 1556 scio
777 1535 822 1557 an
837 1525 965 1556 canetis

106 1571 258 1612 uentibus
271 1571 525 1610 anteponendam
541 1570 657 1601 dicam.
689 1570 732 1600 Ex
748 1571 876 1608 Augusti
890 1573 963 1601 tem-

106 1617 231 1658 porib-e
248 1625 286 1648 eo
301 1625 335 1647 se
349 1616 544 1647 conferebant
558 1617 683 1646 iuvenes
698 1616 825 1646 Romani
849 1616 963 1646 studio-

105 1672 172 1694 rum
189 1671 289 1694 nm
312 1661 381 1693 Tac.
398 1664 476 1693 Διιιι.
488 1661 592 1692 ῙῩ.’44
608 1662 693 1692 hanc
701 1661 868 1692 admodum
883 1661 963 1691 ada·

105 1707 327 1748 keu-ulna,
338 1707 461 1738 sororis
471 1711 625 1747 nepotem,
642 1706 784 1746 seposuit
796 1708 964 1746 Augustus

106 1753 144 1784 in
157 1752 323 1784 enm
338 1752 587 1791 Massiliensem,
597 1752 655 1782 abi
670 1751 963 1791 speciestadiorum

106 1808 219 1830 nomen
229 1797 330 1830 emilii
340 1802 372 1828 te
372 1803 511 1837 yeretar.
518 1798 646 1871 mStrabo
661 1797 713 1828 IV.
734 1800 761 1834 1,
782 1800 799 1827 5
817 1792 849 1826 ἐν
867 1791 901 1826 δὲ
914 1796 962 1838 τῷ

106 1839 253 1918 &aaz
276 1838 347 1918 Ξεξὶ
370 1850 498 1926 gam
449 1882 491 1923 εἰς
508 1884 540 1916 ’A
569 1828 962 1928 ffgtzffi'gwffiffeg}

106 1931 220 1975 φοιυᾷν
244 1926 478 1975 φιλομαθεῖς”
461 1941 567 1969 οντας.

149 1977 281 2021 Ζοουιιι1,
297 1979 336 2010 de
351 1979 425 2010 urbe
437 1980 552 2010 dictum
564 1980 653 2010 etiam
664 1980 705 2010 H.
720 1979 742 2008 Ι.
758 1980 798 2010 67
813 1978 962 2018 direptas

106 2024 205 2064 longa
213 2034 298 2064 paee
314 2024 351 2055 in
361 2024 488 2056 modam
495 2024 673 2064 municipii
685 2029 852 2055 extractus
863 2023 962 2055 loeas.

151 2068 328 2111 mitam,
350 2070 501 2106 facilitate,
534 2071 674 2110 opposita
695 2070 831 2108 gravitni
855 2071 964 2100 severi—

107 2115 234 2155 miquo.

146 2159 355 2200 provinciali
362 2159 596 2201 parsimoniaJ,
612 2170 689 2200 quae
702 2162 864 2200 opponitur
879 2161 965 2191 luxu-

107 2206 170 2237 riae
185 2205 371 2237 “lasciviae
387 2206 528 2237 urbanae.
550 2207 630 2237 Διιιι.
647 2206 700 2236 111.
715 2207 756 2237 55
773 2206 850 2237 novi
865 2206 964 2238 homi-

108 2261 167 2283 m
188 2260 207 2282 e
221 2251 416 2292 municipiis
438 2257 470 2283 et
492 2251 630 2282 coloniis
652 2256 749 2292 atque
772 2251 870 2283 etiam
887 2262 964 2292 pro·

106 2295 231 2328 vinciis
253 2296 292 2327 in
306 2302 453 2328 senatum
475 2296 641 2337 adsumpti
663 2297 867 2329 dornesticam
885 2308 964 2337 par-

105 2341 278 2374 simoniam
307 2341 501 2373 intulerunt.
540 2343 618 2374 XVI.
644 2344 662 2373 5
682 2353 747 2384 per
770 2342 965 2383 longinquas

104 2387 295 2428 provincias
309 2387 452 2419 lascivia
466 2388 641 2428 inexperti.

154 2432 315 2471 mixtum}
347 2434 491 2464 Similiter
506 2443 532 2466 c.
550 2435 592 2464 25
617 2433 714 2465 mixti
729 2434 834 2474 copiis
849 2438 880 2465 et
896 2433 965 2466 lae-

110 2478 202 2510 titia.
225 2479 263 2510 11.
280 2479 304 2510 1.
322 2481 361 2510 1⁰
377 2479 416 2510 de
433 2480 588 2510 Muciano:
624 2479 763 2510 luxuria
786 2479 962 2519 industria,

106 2523 257 2555 comitate
281 2524 502 2564 adrogantia,
532 2524 631 2555 malis
654 2525 808 2565 bonisque
837 2525 966 2555 artibus
987 2537 989 2553 ι

106 2568 236 2600 nime.
253 2569 276 2600 1.
295 2571 313 2600 9
331 2580 390 2601 nec
405 2570 500 2601 vitiis
521 2580 579 2602 nec
595 2570 722 2601 viribus
738 2570 964 2602 miscebantur.

155 2614 233 2646 bene
258 2615 488 2654 corapositumL
513 2617 554 2647 its
577 2620 611 2646 ιιι
632 2617 665 2646 ιιι
688 2619 825 2646 neutram
848 2620 963 2656 partem

109 2660 189 2691 desit
201 2663 479 2700 temperamentum.

150 2705 275 2745 aerius,
294 2705 408 2743 ultra}
442 2707 617 2738 Suffecisset
632 2717 703 2738 sane
720 2708 845 2738 alterum
863 2710 963 2737 utrum

106 2750 221 2781 horum·
230 2751 453 2791 vocabulorum,
477 2756 509 2783 at
524 2753 613 2783 etiam
629 2753 754 2783 alterum
778 2762 845 2783 cum
870 2753 963 2783 altero

106 2797 297 2827 coniunctum
309 2800 388 2828 recte
398 2807 431 2828 se
444 2798 541 2828 habet.
567 2798 642 2828 Nam
656 2808 728 2829 voce
740 2798 862 2836 acrius,
877 2799 962 2828 cuius

106 2842 254 2880 generalis
280 2846 326 2874 est
351 2845 514 2879 sententia,
548 2853 616 2874 cum
643 2853 704 2874 rem
732 2845 839 2883 ipsam,
872 2853 961 2883 quam

107 2888 207 2918 animo
223 2891 410 2928 conceperat,
426 2898 530 2928 parum
542 2893 677 2919 accurate
690 2889 810 2919 definiri
819 2890 963 2919 sensisset

107 2933 246 2973 scriptor,
261 2933 379 2964 addidit
394 2934 485 2964 verba
499 2934 593 2965 ultra
610 2944 704 2974 qaam
716 2944 742 2965 e.
752 2945 781 2974 q.
796 2944 832 2972 s.,
851 2934 961 2974 quibus

107 2978 295 3016 significaret,
314 2989 374 3018 quo
388 2980 622 3019 comparativum
638 2980 723 3010 illum
740 2981 842 3010 referri
860 2980 960 3009 vellet.

107 3023 213 3064 ltaque
230 3033 291 3055 non
306 3028 362 3062 est,
380 3034 432 3055 cnr
456 3025 617 3064 probemus
642 3025 788 3056 Pichense
812 3026 960 3062 coniectu—

107 3077 169 3099 ram
187 3069 415 3109 philosophiae
437 3080 476 3101 ac
492 3070 579 3101 iaris
595 3070 684 3101 ultra
702 3081 805 3110 qaam.
830 3079 961 3106 praeser-

108 3114 161 3144 tim
177 3123 244 3144 cum
261 3115 319 3145 hoc
335 3115 401 3146 loco
417 3125 507 3146 cansa
522 3116 606 3146 nulla
627 3117 667 3146 sit
690 3117 763 3146 iuris
785 3125 961 3146 commemo-

110 3159 205 3191 randi.
244 3160 288 3190 De
312 3161 465 3191 vocabulis
489 3161 579 3192 altra
604 3171 698 3201 quam
723 3161 759 3191 cf.
787 3162 826 3191 H.
844 3161 895 3191 IV.
925 3162 962 3189 13

113 3203 232 3235 Oto-‘lis
246 3204 344 3241 ultra,
370 3216 467 3246 qaam
490 3206 640 3236 barbaris
663 3206 806 3244 solitum,
832 3205 964 3244 inqenio

112 3247 236 3280 sollers.
273 3252 351 3281 Ann.
371 3251 405 3280 V.
434 3254 447 3282 1
472 3251 568 3282 comis
595 3251 685 3282 altra
702 3261 797 3291 qaam
815 3250 964 3290 antiquis

102 3293 246 3333 seminis
255 3295 435 3334 probatum.

155 3349 334 3372 concecemn
354 3341 499 3373 Romano
520 3350 559 3372 ac
582 3339 751 3380 senatoriJ,
774 3341 845 3380 quia
868 3315 964 3371 metus

104 1085 108 1087 Δ
143 1081 146 1084 ἢ
166 1050 170 1054 ’
199 1040 230 1072 8.
250 1038 385 1072 mistum
400 1039 427 1069 A
440 1038 476 1071 Β.
507 1054 538 1058 -
570 1040 600 1069 4.
619 1038 656 1068 in
673 1048 732 1070 om.
748 1039 786 1070 B.
802 1054 845 1060 —
865 1033 993 1080 acrius]
1017 1048 1056 1070 ac
1080 1038 1167 1069 iaris
1180 1037 1320 1069 Pichena.
1351 1055 1383 1059 —
1413 1039 1445 1068 5.
1463 1037 1632 1069 ‘senatorio
1654 1037 1796 1068 Heraeus,
1827 1052 1858 1057 —

21 1142 27 1154 ,
42 1096 49 1110 ²
104 1088 142 1131 ⁸⁸.
159 1095 295 1136 cautim
310 1095 493 1136 Nipperdey.
517 1111 549 1116 -
571 1094 712 1126 retinnit
727 1096 761 1126 B.

1009 1166 1080 1199 erat.
1097 1173 1136 1194 ne
1151 1164 1183 1193 id
1199 1164 1227 1193 ei
1242 1164 1432 1202 propositum
1447 1172 1514 1193 esse
1530 1163 1624 1193 videri
1641 1165 1753 1202 posset,
1778 1165 1813 1192 nt
1826 1162 1864 1192 ad

1009 1209 1179 1248 exemplum
1217 1208 1430 1239 Graeculorum
1467 1209 1610 1246 magister
1654 1207 1865 1247 philosophiae

1009 1254 1159 1295 evaderet,
1176 1254 1258 1294 quod
1275 1263 1344 1284 cum
1359 1254 1482 1284 homine
1498 1254 1632 1284 Romano
1648 1257 1711 1283 tum
1728 1256 1865 1283 senatore

1009 1300 1166 1338 indignum
1189 1299 1370 1339 putabatur,
1400 1300 1448 1329 cui
1472 1299 1510 1329 de
1534 1299 1716 1338 gravissimis
1739 1298 1866 1337 negotiis

1009 1345 1140 1385 publicis
1156 1345 1360 1375 consultatum
1376 1345 1498 1374 minime
1515 1345 1596 1374 utilis
1614 1353 1678 1374 esse
1692 1343 1867 1374 credebatur

1010 1389 1261 1430 philosophorum
1287 1390 1432 1420 doctrina.
1470 1389 1566 1420 Etiam
1584 1389 1686 1420 Cicero
1702 1389 1740 1419 de
1757 1389 1808 1420 off.
1829 1389 1864 1418 11.

1016 1439 1042 1469 1.
1067 1437 1086 1466 2
1111 1445 1232 1472 vereor,
1256 1435 1365 1474 inquit,
1389 1445 1429 1466 ne
1453 1434 1644 1475 quibusdum
1668 1434 1759 1465 bonis
1782 1433 1867 1464 viris

1004 1480 1233 1521 philosophiae
1248 1490 1358 1511 nomen
1371 1480 1415 1510 sit
1437 1480 1579 1510 invisam
1593 1479 1814 1519 mirenturque
1830 1479 1866 1509 in

1010 1536 1050 1557 ea
1067 1530 1189 1557 tantum
1205 1535 1252 1556 me
1268 1535 1383 1565 operae
1400 1530 1430 1556 et
1443 1525 1593 1565 temporis
1605 1534 1733 1564 ponere.
1758 1524 1865 1562 Quam-

1011 1581 1101 1612 quam
1117 1572 1206 1601 etiam
1222 1571 1281 1601 alia
1296 1572 1327 1601 in
1343 1571 1391 1601 his
1404 1571 1517 1601 eisdem
1529 1571 1628 1601 verbis
1643 1571 1735 1600 latere
1748 1571 1867 1600 videtur

1010 1617 1168 1654 sententia,
1192 1616 1275 1656 quod
1297 1619 1333 1646 ut
1355 1617 1483 1651 credam,
1511 1616 1602 1646 verba
1624 1625 1701 1656 quae
1725 1618 1867 1646 secuntur

1010 1662 1228 1694 vehementius
1251 1671 1346 1702 quam
1370 1666 1486 1692 caute
1508 1671 1557 1692 me
1581 1661 1744 1691 adducunt.
1791 1661 1869 1690 Nam

1010 1708 1127 1738 Stoicae
1157 1707 1190 1738 in
1212 1707 1317 1747 primis
1348 1707 1500 1737 doctrinae
1530 1707 1678 1746 professio
1711 1709 1866 1745 suspectos

1009 1752 1195 1793 principibus
1218 1753 1352 1783 reddidit
1373 1762 1435 1787 eos,
1460 1753 1513 1792 qui
1536 1752 1619 1782 illam
1634 1754 1745 1782 sectam
1761 1760 1866 1790 seque-

1009 1799 1128 1829 bantur.
1152 1799 1230 1829 Ann.
1244 1798 1321 1829 XIV.
1337 1800 1378 1829 57
1391 1798 1563 1836 adsumpta
1576 1797 1675 1828 etiam
1690 1796 1867 1827 Stoicorum

1009 1843 1214 1884 adrogantia
1229 1847 1386 1884 sectaque,
1406 1853 1487 1883 quae
1511 1842 1657 1874 turbidos
1680 1847 1712 1873 et
1728 1841 1865 1880 negotio-

1008 1899 1079 1919 rum
1101 1894 1290 1928 appetentes
1303 1889 1434 1928 faciat.
1475 1889 1545 1920 Sen.
1563 1898 1611 1927 ep.
1631 1888 1685 1923 73,
1706 1890 1719 1917 1
1756 1897 1867 1917 errare

1007 1934 1091 1965 mihi
1108 1934 1266 1973 videntur,
1283 1934 1341 1974 qui
1353 1934 1542 1964 existimant
1551 1931 1867 1972 philosophiae-fide-

1009 1980 1087 2011 liter
1110 1979 1237 2010 deditos
1261 1984 1460 2010 contumaces
1492 1989 1559 2010 esse
1590 1988 1629 2009 ac
1652 1977 1867 2017 refractarios

1011 2030 1041 2056 et
1055 2029 1286 2065 contemptores
1300 2025 1552 2064 mayistrataam
1567 2034 1606 2055 ac
1619 2033 1735 2063 reyam.
1761 2023 1866 2062 ltaque

1010 2071 1112 2101 matris
1128 2071 1290 2109 prudentia
1303 2071 1335 2100 in
1349 2080 1385 2100 eo
1401 2069 1586 2106 cernebatur,
1603 2069 1687 2109 quod
1698 2069 1800 2099 studia
1810 2068 1865 2098 filii

1011 2119 1043 2146 et
1057 2116 1172 2154 origine
1196 2119 1286 2156 atque
1310 2116 1414 2146 ordine
1438 2116 1502 2146 eius
1525 2124 1630 2155 pamm
1654 2115 1746 2153 digna
1761 2116 1791 2143 et
1806 2114 1865 2152 ipsi

1011 2162 1148 2192 nocitura
1163 2162 1302 2192 coercuit.

1055 2206 1231 2245 hausisseJ,
1246 2207 1346 2237 animo
1363 2207 1542 2246 percepisse,
1562 2209 1597 2235 ut
1611 2205 1648 2235 Η.
1666 2204 1718 2234 IV.
1737 2205 1755 2234 5
1772 2213 1789 2234 e
1805 2213 1865 2233 mo-

1011 2252 1102 2282 ribus
1117 2252 1221 2283 soceri
1241 2252 1329 2283 nihil
1352 2261 1454 2291 aeque
1478 2261 1516 2281 ac
1539 2251 1719 2281 libertatem
1742 2249 1863 2280 hausit.

1012 2298 1149 2328 Ceterum
1165 2307 1219 2337 per
1230 2299 1334 2328 miram
1347 2297 1496 2337 quandam
1505 2296 1623 2326 dicendi
1635 2295 1752 2334 copiam
1764 2294 1867 2324 scribit

1012 2343 1176 2382 Agricolam
1190 2343 1333 2375 studium
1346 2341 1575 2384 philosophiae
1595 2341 1756 2379 hausisse,
1773 2341 1865 2379 siqui-

1011 2389 1078 2419 dem
1094 2389 1146 2419 ille
1162 2399 1223 2419 non
1239 2389 1371 2419 studium
1387 2387 1608 2428 philosophiae,
1634 2387 1687 2417 sed
1708 2387 1778 2425 ipsa
1799 2385 1864 2425 phi-

1011 2435 1167 2474 losophiae
1183 2438 1343 2474 praecepta
1366 2434 1464 2464 animo
1487 2433 1630 2472 percepit.
1668 2431 1747 2462 Talis
1771 2431 1864 2461 abun·

1011 2481 1130 2510 dantiae
1147 2480 1292 2519 exempla,
1317 2489 1394 2519 quae
1418 2479 1499 2509 haud
1523 2487 1618 2518 pauca
1640 2480 1711 2507 sunt
1725 2478 1756 2507 in
1773 2476 1864 2506 Taciti

1011 2526 1139 2564 Dialogo
1155 2530 1185 2555 et
1201 2526 1281 2564 apud
1297 2525 1373 2555 alios
1389 2534 1510 2564 quoque
1532 2524 1693 2562 scriptores
1709 2522 1864 2552 inveniun-

1011 2575 1070 2610 tur,
1088 2571 1208 2609 collegit
1222 2571 1251 2600 J.
1271 2570 1398 2602 Vahlen.
1427 2570 1464 2600 de
1480 2569 1572 2599 Taciti
1596 2568 1714 2606 dialogo
1731 2567 1864 2606 disputa-

1010 2616 1143 2646 tiuncula
1158 2617 1190 2646 in
1207 2614 1512 2646 Commentationibus
1530 2614 1692 2653 philologis
1714 2614 1744 2643 in
1772 2612 1863 2642 hono-

1012 2671 1072 2692 rem
1081 2661 1230 2691 Theodori
1244 2661 1431 2691 Mommseni.
1443 2660 1539 2690 Berol.
1554 2660 1645 2689 1877.
1658 2668 1687 2697 p.
1698 2659 1778 2688 663·
1788 2659 1863 2688 670.

1056 2706 1214 2745 hausisse,
1232 2702 1295 2747 niJ.
1331 2706 1456 2735 Verbum
1475 2705 1531 2734 hoc
1548 2705 1613 2734 loco
1630 2703 1776 2741 significat
1791 2712 1864 2742 rem,

1011 2761 1089 2792 quae
1104 2752 1311 2782 tantummodo
1336 2754 1442 2790 coepta
1465 2754 1510 2780 est
1533 2750 1604 2789 geri,
1621 2758 1682 2779 non
1698 2748 1736 2778 ad
1752 2749 1862 2777 exitum

1011 2798 1164 2837 perducta,
1182 2797 1263 2836 quod
1280 2806 1339 2836 qua
1355 2806 1385 2826 re
1402 2795 1584 2834 prohibitum
1598 2795 1647 2832 sit,
1664 2793 1862 2823 condicionali

1010 2843 1158 2873 sententia
1173 2842 1347 2872 declaretur.
1374 2841 1477 2879 ltaque
1494 2839 1640 2878 Agricola.
1665 2839 1772 2878 inquit.
1797 2848 1862 2868 cum

1010 2888 1159 2927 coepisset
1189 2886 1399 2926 philosophiae
1423 2885 1553 2916 studere.
1588 2894 1625 2914 ne
1648 2884 1680 2914 in
1704 2893 1740 2913 eo
1764 2884 1864 2914 studio

1011 2935 1219 2972 perseveraret,
1245 2942 1262 2961 a
1279 2935 1370 2961 matre
1386 2930 1555 2970 prohibitus
1581 2933 1635 2959 est.
1678 2928 1862 2968 Quamquam

1010 2979 1086 3008 solet
1098 2978 1160 3007 sere
1173 2977 1290 3007 Tacitus
1307 2977 1338 3006 in
1347 2976 1457 3006 talibus
1467 2975 1638 3009 enuntiatis,
1656 2974 1758 3014 qualia
1771 2975 1864 3004 multa

1009 3023 1090 3062 apud
1105 3032 1172 3052 eum
1190 3022 1339 3060 leguntur,
1356 3021 1459 3051 addito
1476 3020 1566 3050 verbo
1591 3019 1718 3050 conandi
1742 3020 1789 3050 vel
1813 3029 1863 3059 pa-

1009 3069 1092 3102 randi
1123 3068 1168 3097 vel
1193 3067 1324 3105 agitandi
1356 3067 1401 3096 vel
1432 3066 1498 3104 ipso
1526 3065 1700 3104 imperfecto
1730 3068 1863 3104 tempore

1009 3114 1120 3144 factum
1138 3122 1203 3142 esse
1221 3113 1263 3142 rei
1280 3112 1396 3141 initium
1416 3114 1518 3150 aperte
1533 3111 1709 3149 significare,
1735 3111 1764 3140 id
1781 3111 1863 3150 quod

1011 3159 1066 3189 hoc
1091 3159 1156 3188 loco
1181 3158 1278 3187 facere
1302 3156 1481 3195 supersedik
1530 3155 1578 3186 Sic
1604 3165 1630 3187 c.
1657 3158 1695 3186 13
1719 3155 1863 3194 agitasse

1015 3203 1048 3235 0.
1070 3202 1239 3234 Caesarem
1255 3202 1294 3232 de
1312 3200 1469 3231 intranda
1487 3201 1667 3231 Britannia
1685 3201 1767 3231 satis
1790 3210 1862 3231 con-

1010 3253 1084 3283 stat,
1101 3247 1139 3277 ni
1154 3256 1179 3277 e.
1199 3257 1229 3286 q.
1246 3257 1270 3277 s.
1289 3256 1314 3276 c.
1334 3248 1373 3277 37
1399 3250 1428 3276 et
1445 3245 1606 3276 Britanni
1633 3261 1671 3267 —
1691 3245 1862 3277 circumire

1010 3298 1099 3332 terqa
1116 3292 1314 3323 vincentium
1330 3296 1509 3330 coeperant,
1528 3291 1565 3321 ni
1582 3301 1649 3331 e.q.
1667 3301 1692 3324 s.
1709 3291 1745 3321 Η.
1760 3291 1861 3321 Ιιί.46

1011 3338 1138 3378 iamque
1150 3342 1258 3368 castra
1272 3337 1433 3377 legionum
1449 3335 1621 3368 excindere
1630 3336 1807 3377 parabant,
1826 3336 1863 3366 ni
1885 3336 1889 3341 “
