2176 3672
725 257 896 302 LIBER
925 258 997 302 lv,
1057 259 1155 315 Cap.
1188 261 1255 306 39.
1286 263 1355 307 40.
1384 263 1451 307 41.
1887 267 1968 311 491

201 368 371 423 quidem
413 368 540 413 laude
581 371 727 412 caruit.
773 373 929 415 iustam
961 374 1190 419 vindictam
1230 378 1420 432 explesse
1465 379 1684 424 Musonius
1727 381 1969 429 videbatur:

200 448 370 492 diversa
399 447 514 492 fama
544 449 761 494 Demetrio
782 451 982 506 Cynicam
1013 459 1170 498 sectam
1192 456 1397 510 professo,
1427 461 1538 513 quod
1562 460 1831 504 manifestum
1852 474 1970 505 reum

198 528 611 584 ambitiosius-quam
634 530 855 575 honestius
875 532 1147 578 defendisset.
1180 536 1261 589 ipsi
1283 537 1431 580 Publio
1451 551 1587 594 neque
1607 541 1774 584 animus
1792 541 1835 583 in
1857 542 1969 595 peri-

198 607 307 652 eulis
325 621 462 664 neque
482 611 621 653 oratio
642 610 945 663 subpeditavit.
991 614 1113 666 signo
1135 615 1307 659 ultionis
1327 617 1369 659 in
1391 623 1660 662 accusatores
1683 621 1785 663 dato
1805 621 1916 674 petit
1943 634 1970 664 a

197 687 382 732 Caesare
411 689 561 733 Iunius
591 690 822 743 MauricUS,
865 697 913 733 ut
943 694 1341 738 commentariorum
1380 697 1677 750 principalium
1709 702 1966 752 potestatem
1981 718 2002 747 ⁵

196 769 365 813 senatui
384 769 560 822 faceret,
584 782 664 823 per
684 782 790 824 quos
811 777 1021 823 nosceret,
1042 784 1165 825 quem
1185 774 1366 828 quisque
1386 777 1670 820 accusandum
1690 779 1966 831 poposcisset.

195 848 499 892 consulendum
519 850 598 893 tali
619 862 749 903 super
767 862 814 892 re
834 850 1068 903 principem
1089 853 1320 905 respondit.
1362 852 1452 906 (41)
1474 856 1650 896 senatus
1669 854 1966 899 inchoantibus

193 928 454 984 primoribus
493 930 561 973 ius
605 930 831 972 iurandum
875 931 1089 983 concepit3
1138 942 1221 984 quo
1266 933 1460 976 certatim
1502 945 1646 976 omnes
1676 934 1965 988 magistratus,

193 1009 327 1053 ceteri
355 1013 406 1052 ut
434 1009 690 1052 sententiam
721 1009 994 1063 rogabantur,
1034 1011 1137 1053 deos
1178 1015 1310 1054 testes
1351 1011 1616 1055 advocabant
1645 1012 1750 1055 nihil
1778 1025 1858 1068 ope
1886 1026 1966 1057 sua

190 1087 366 1143 factum,
396 1101 479 1144 quo
501 1089 749 1143 cuiusquam
779 1088 898 1131 salus
916 1088 1170 1142 laederetur,
1191 1102 1324 1144 neque
1347 1103 1393 1134 se
1412 1092 1647 1145 praemium
1667 1097 1744 1134 aut
1762 1092 1962 1136 honorem
1981 1114 2021 1143 ιο

191 1181 244 1212 ex
274 1151 518 1227 calamitate
549 1169 700 1212 civium
731 1169 906 1222 cepisse,
949 1169 1127 1222 trepidis
1158 1178 1200 1212 et
1230 1170 1358 1212 verba
1386 1171 1491 1213 iuris
1520 1170 1687 1213 iurandi
1716 1184 1793 1226 per
1822 1173 1965 1216 varias

190 1252 310 1292 artes
338 1247 615 1300 mutantibus,
645 1249 741 1303 quis
770 1246 925 1302 flagitii
955 1250 1214 1292 conscientia
1243 1250 1393 1292 inerat.
1450 1250 1689 1303 probabant
1717 1251 1962 1307 religionem

189 1333 352 1383 patres,
371 1329 606 1383 periurium
627 1328 875 1383 arguebant.
909 1341 1043 1383 eaque
1063 1329 1180 1372 velut
1200 1342 1380 1373 censura
1410 1330 1452 1372 in
1476 1329 1737 1374 Sariolenum
1758 1331 1962 1376 Voculam

188 1412 236 1452 et
255 1408 438 1452 Nonium
460 1409 682 1452 Attianum
703 1413 748 1452 et
767 1408 955 1452 Cestium
979 1410 1181 1452 Severum
1210 1410 1414 1452 acerrime
1434 1409 1635 1462 incubuit,
1666 1410 1827 1455 crebris
1848 1414 1961 1466 apud

188 1486 399 1532 Neronem
430 1489 716 1532 delationibus
746 1487 942 1532 famosos.
1003 1488 1267 1532 Sariolenum
1307 1494 1350 1532 et
1389 1502 1538 1543 recens
1578 1491 1736 1534 crimen
1767 1492 1959 1545 urgebat,
1976 1506 2016 1535 ιε

186 1569 300 1623 quod
329 1570 445 1623 apud
464 1568 683 1612 Vitellium
715 1568 888 1611 molitus
909 1569 1055 1612 eadem
1085 1568 1208 1612 foret.
1239 1581 1316 1612 nec
1345 1569 1512 1612 destitit
1530 1574 1705 1613 senatus
1726 1583 1875 1615 manus
1894 1572 1958 1615 in-

186 1653 355 1692 tentare
371 1648 569 1701 Voculae,
586 1651 719 1693 donec
740 1651 859 1692 curia
880 1650 1115 1692 excederet.
1149 1651 1203 1692 ad
1226 1649 1422 1692 Paccium
1439 1648 1683 1692 Africanum
1702 1652 1958 1703 transgressi

185 1741 282 1780 eum
311 1741 480 1784 quoque
521 1729 790 1783 proturbant,
829 1734 1030 1783 tanquam
1072 1729 1234 1772 Neroni
1266 1728 1508 1772 Scribonios
1547 1728 1702 1772 fratres
1733 1731 1958 1773 concordia

183 1807 418 1863 opibusque
448 1808 633 1863 insignes
663 1810 718 1852 ad
740 1810 913 1852 exitium
935 1810 1270 1852 monstravisset.
1323 1807 1546 1851 Africanus
1575 1821 1714 1863 neque
1735 1807 1859 1852 fateri
1878 1815 1954 1852 au·

184 1885 315 1930 debat
342 1899 478 1942 neque
507 1887 692 1931 abnuere
722 1893 916 1942 poterat:
947 1889 990 1930 in
1021 1889 1191 1931 Vibium
1223 1887 1431 1942 Crispum,
1462 1890 1580 1932 cuius
1611 1889 1951 1942 interrogationi·
1969 1902 2010 1930 20

320 2062 337 2092 1
376 2061 504 2092 caux-uit
640 2061 760 2091 iustam
798 2061 974 2091 vindictam
1018 2061 1151 2091 Meiser:
1189 2061 1281 2091 lustu
1316 2061 1445 2090 Iudicit‘i
1480 2060 1612 2101 (iustum
1650 2060 1790 2090 officium
1816 2059 1950 2100 Nipper-

394 2108 413 2137 2
451 2107 491 2137 de
515 2107 684 2137 Demetrio
709 2107 853 2137 Heraeus
994 2107 1012 2136 3
1045 2107 1163 2136 abitios
1150 2107 1216 2137 ius
1354 2106 1522 2136 honestius
1543 2115 1584 2135 ex
1606 2105 1756 2135 honestii’i
1779 2108 1949 2137 corr-1¹».

180 2147 284 2196 emm!
309 2161 349 2183 σω
372 2149 453 2190 ἔως
486 2162 572 2184 corr.
599 2154 659 2184 lm
810 2155 830 2182 4
872 2153 966 2191 petiit
998 2152 1181 2191 Nipperdey
1329 2153 1348 2182 ὗ
1390 2152 1550 2181 Mauricus
1576 2151 1775 2181 Beroaldus.-
1810 2152 1950 2181 muricus

181 2197 201 2228 6
239 2196 364 2229 faceret
399 2198 467 2237 qug'
491 2196 594 2240 Nque
627 2198 687 2229 dol.
715 2199 788 2237 lm.)
904 2199 966 2237 qui,-
1104 2200 1121 2228 7
1158 2198 1277 2228 Caesar
1312 2199 1544 2228 consulendum
1581 2196 1764 2235 Nipperdey
1877 2197 1951 2227 talis

179 2244 200 2274 8
227 2238 338 2284 {oepit
449 2246 488 2276 10
511 2247 636 2283 cusqua
659 2249 754 2284 (poet
777 2254 815 2275 cu
841 2253 998 2283 ευμεν-εον.
1022 2244 1056 2274 iu
1082 2246 1159 2279 2⁷71.)
1253 2244 1413 2273 lederetur
1504 2243 1630 2281 premii-1
1740 2244 1775 2271 11
1813 2243 1952 2281 cepisset

181 2289 222 2320 12
259 2289 394 2329 flagitiis
429 2291 458 2331 (s
484 2290 546 2322 del.
575 2288 648 2333 lm)
742 2291 782 2320 13
818 2290 1022 2329 anrguebaut
1044 2288 1108 2332 (pr.
1135 2299 1154 2319 a
1178 2287 1275 2331 eme.)
1370 2291 1408 2319 16
1444 2289 1542 2318 destit
1637 2286 1735 2330 lesl'l
1773 2288 1951 2318 lutentaret

176 2334 204 2377 (t
227 2334 289 2367 aa.
316 2333 394 2378 ln.)
510 2335 612 2379 19s20
636 2336 802 2366 audebant

181 2103 255 2144 ὢν)

177 2522 219 2527 --
256 2505 372 2536 iustam
405 2506 578 2538 vindictam
612 2504 764 2550 explesse]
802 2508 887 2538 Ann.
917 2509 969 2545 14,
1005 2506 1242 2560 35'sententia
1267 2505 1309 2535 ad
1342 2509 1488 2535 senatum
1522 2505 1625 2535 relata
1655 2507 1807 2542 temptata
1842 2503 1949 2533 forent

177 2561 287 2593 adam
311 2567 416 2594 tamen
431 2563 506 2595 deos
521 2564 622 2595 iustae
638 2564 808 2596 vindictae.
836 2566 888 2597 13.
906 2566 948 2595 43
967 2561 1065 2594 satis·

174 2619 300 2659 expleta
323 2620 449 2652 ultione
476 2621 518 2652 cf.
537 2621 623 2651 iufra
640 2622 729 2659 eiquo
752 2621 881 2650 ultzbnis
898 2637 942 2643 -—-
959 2621 1046 2655 dato,

175 2686 200 2705 e.
221 2678 241 2708 6
265 2686 305 2707 ea
327 2677 416 2713 ultio,
441 2678 595 2708 incertum
618 2678 724 2709 maim·
747 2688 791 2708 an
808 2677 931 2716 metior,
957 2687 984 2707 o.
1007 2678 1046 2707 10

173 2733 265 2764 now
288 2733 335 2764 ad
366 2734 515 2765 ultionem
547 2735 676 2766 anulonis.
724 2735 854 2766 Curtius
890 2735 919 2767 7,
946 2735 975 2767 δ.
1003 2735 1045 2764 36

172 2788 259 2819 aesta
274 2788 354 2821 ultio
372 2808 413 2813 -—
430 2799 494 2822 non
520 2791 701 2822 mvdeln'taa.
727 2809 769 2813 —
794 2791 920 2821 diversa
930 2787 1044 2833 fama]

174 2845 243 2875 scil.
270 2847 394 2877 exstitit
419 2849 472 2879 vel
507 2853 578 2878 orta
614 2855 663 2879 est
702 2848 871 2884 Demetrio,
908 2852 941 2877 ut
981 2857 1044 2877 non

173 2910 255 2940 opus
288 2902 331 2933 eit
364 2903 402 2935 de
437 2905 567 2937 addere.
608 2923 649 2928 -
692 2902 866 2946 Demetrio]
906 2904 944 2934 de
981 2913 1045 2942 quo

173 2959 261 2989 Anu.
289 2962 339 2995 16.
366 2961 419 2991 34.
447 2979 489 2984 ——
518 2961 630 2993 Iunius
657 2958 835 3004 Mauricus]
861 2961 971 3000 Agric.
991 2961 1043 2989 45.

163 3007 273 3046 Plinii
306 3017 442 3060 tuncne,
481 3018 536 3057 qui
573 3019 613 3049 de
638 3029 675 3050 eo
702 3019 785 3058 Epp.
815 3020 842 3054 1,
869 3019 897 3047 5.
923 3018 954 3052 4,
982 3019 1042 3047 22:

173 3070 282 3102 Iwee'u
309 3073 484 3112 uam-me,
518 3085 580 3114 quo
603 3076 672 3106 viro
695 3074 777 3105 nihil
791 3074 930 3113 firmius,
964 3072 1046 3102 nihil

171 3127 287 3160 veriu.
328 3146 372 3152 —
414 3132 707 3162 commentariorum
735 3129 975 3171 principalium]
1011 3130 1042 3158 in

172 3193 255 3224 quos
288 3185 420 3224 negotia
452 3189 636 3228 principum
673 3189 836 3219 cotidiana
869 3186 1042 3216 memoriae

172 3250 272 3272 uuna
289 3242 511 3274 referebantur
528 3251 624 3284 atque
641 3245 801 3285 imprimis
822 3242 1043 3273 accusationes

171 3301 205 3328 et
228 3298 628 3339 indici-‚Ann.1s,43.
664 3300 962 3339 Suet.Calig.15
1001 3315 1043 3320 -

171 3352 394 3386 ‘'onmlendun
420 3373 461 3378 —
484 3354 678 3400 principem]
721 3357 797 3396 quia
822 3357 883 3387 ista
908 3354 1042 3385 Maurici

1082 2573 1208 2592 areana
1232 2562 1368 2601 imper-2¹⁸⁹,
1392 2566 1425 2590 ut
1449 2561 1494 2590 ait
1518 2561 1603 2590 Ann.
1631 2561 1661 2593 2,
1688 2560 1741 2590 86.

1128 2622 1183 2650 41.
1221 2618 1437 2657 mopiam-awa,
1469 2616 1574 2657 eam]
1622 2616 1643 2646 ii
1681 2621 1858 2653 senatores,
1891 2616 1946 2653 qui

1083 2675 1290 2714 magistratus
1314 2679 1417 2710 erant,
1442 2672 1622 2703 sententias
1648 2682 1711 2702 non
1736 2672 1946 2711 rogabantur,

1082 2733 1139 2763 sed
1165 2737 1280 2770 sponte
1305 2732 1366 2770 ipsi
1400 2730 1587 2767 censebant,
1612 2729 1710 2760 ceteri
1737 2729 1947 2766 rogabantur.

1082 2789 1264 2828 Nipperdey
1288 2788 1329 2818 ad
1353 2788 1437 2817 Anu.
1464 2787 1494 2823 3,
1522 2786 1574 2817 1⁶1.
1613 2802 1657 2808 —
1700 2783 1880 2824 probabant
1904 2803 1944 2807 —

1082 2841 1269 2889 arquebant]
1294 2854 1366 2874 cum
1392 2843 1514 2882 singuli
1532 2843 1687 2878 iurarent,
1712 2848 1821 2881 patres
1840 2842 1947 2880 vultu,

1082 2911 1172 2937 voce,
1198 2910 1295 2931 manu
1320 2899 1521 2938 indicabant,
1545 2899 1618 2938 quis
1642 2908 1767 2938 verum,
1793 2898 1865 2937 quis
1886 2900 1946 2928 fal—

1081 2968 1150 2989 sum
1182 2958 1370 2995 iuravisset3
1401 2955 1577 2986 laudabant
1605 2956 1803 2994 innocentes,
1832 2956 1946 2986 noxios

1082 3014 1320 3054 vituperabant.
1355 3031 1397 3035 —
1431 3022 1544 3042 manus
1567 3008 1733 3054 intentare]
1769 3012 1885 3042 minari
1909 3020 1945 3043 se

1081 3081 1196 3101 manus
1229 3070 1386 3107 illaturos,
1423 3073 1458 3098 ut
1485 3072 1513 3106 l,
1539 3068 1592 3098 69.
1630 3070 1716 3100 Anu.
1745 3070 1776 3106 1,
1810 3069 1864 3099 2'1.
1903 3086 1943 3092 —

1081 3127 1259 3160 Scribonios
1274 3122 1418 3168 fratres]
1454 3125 1494 3155 de
1529 3125 1647 3164 quibus
1682 3128 1765 3155 Ann.
1803 3126 1856 3163 18,
1890 3126 1943 3157 48.

1083 3186 1143 3214 Dio
1179 3185 1234 3220 63,
1276 3182 1336 3213 1⁷:
1378 3178 1601 3224 Σκριβώνιοι,
1635 3176 1783 3221 Ῥοῦφός
1816 3190 1853 3214 τε
1887 3179 1946 3214 καὶ

1084 3237 1249 3279 Πρόκλος.
1283 3236 1425 3279 ἀδελφοί
1458 3247 1494 3269 τε
1529 3234 1587 3269 καὶ
1610 3232 1791 3278 η’λυιιῶται
1824 3233 1943 3278 τρόπον

1081 3292 1150 3328 τινὰ
1175 3289 1280 3332 ὄντες,
1305 3291 1363 3326 καὶ
1380 3290 1487 3335 μηδὲν
1505 3291 1673 3334 μηδέποτε
1695 3287 1775 3324 ἄνευ
1792 3287 1945 3334 ἀλλήλων

1080 3348 1275 3395 πράξαντες,
1312 3345 1383 3383 ἀλλ’
1420 3344 1534 3390 ὥσπερ
1566 3348 1615 3393 τῷ
1641 3346 1738 3391 γένει,
1774 3342 1862 3381 οὕτω
1887 3348 1944 3381 καὶ

1586 3403 1674 3445 32*
