2176 3672
695 311 867 354 LIBER
895 312 949 354 11.
1009 311 1108 366 Cap.
1134 313 1200 355 26.
1231 312 1299 355 27.
1331 313 1398 356 28.
1429 313 1495 356 29.
1899 314 1984 357 333

208 425 475 469 Britanniam
515 428 732 479 peterent,
775 427 922 470 audito
949 426 1115 470 Vitellii
1153 431 1272 470 motu
1305 428 1348 470 in
1379 428 1552 472 civitate
1582 428 1821 483 Lingonum
1849 427 1983 471 Fabio

209 505 381 549 Valenti
409 505 632 559 adiunctas
660 506 915 560 rettulimus,
944 507 1126 561 superbe
1156 507 1349 561 agebant,
1380 511 1430 551 ut
1449 509 1654 563 cuiusque
1681 508 1861 562 legionis
1891 511 1983 551 ten-

210 585 332 629 toria·
352 586 643 639 accessissent,
674 587 879 629 coercitos
911 600 937 629 a
965 599 1012 630 se
1041 588 1460 642 quartadecimanos,
1491 589 1676 631 ablatam
1706 588 1864 632 Neroni
1893 589 1982 631 Ita-

209 665 311 709 liam
352 669 480 720 atque
520 678 684 709 omnem
723 665 826 709 belli
864 665 1080 709 fortunam
1121 668 1164 710 in
1195 669 1382 722 ipsorum
1427 682 1553 711 manu
1595 669 1721 711 sitam
1761 669 1981 712 iactantes

210 745 559 790 contumeliosum
601 746 648 788 id
685 745 910 799 militibus,
954 748 1150 790 acerbum
1194 749 1290 791 duci
1330 752 1532 802 corrupta
1573 749 1723 802 iurgiis
1765 752 1841 792 aut
1880 749 1984 792 rixis
2020 757 2040 787 5

212 825 458 880 disciplina3
489 826 545 868 ad
573 826 1012 880 postremumValens
1043 840 1066 870 e
1094 828 1332 882 petulantia
1353 830 1480 872 etiam
1509 827 1734 883 perfidiam
1764 832 1983 883 suspecta-

210 906 298 950 bat.
359 906 453 960 (28)
493 906 626 960 igitur
654 906 804 950 nuntio
837 906 986 949 adlato
1010 907 1178 961 pulsam
1208 909 1478 951 Trevirorum
1509 908 1621 951 alam
1651 901 1930 963 Tungrosque
1959 922 1986 951 a

211 985 348 1030 classe
377 985 557 1028 Othonis
596 989 640 1029 et
677 985 992 1031 Narbonensem
1033 986 1216 1030 Galliam
1257 989 1492 1041 circumiri,
1538 989 1664 1032 simul
1705 1002 1808 1032 cura
1847 989 1984 1032 socios

211 1067 361 1110 tuendi
389 1069 434 1110 et
462 1065 638 1109 militari
667 1069 766 1109 astu
797 1067 992 1110 cohortes
1022 1068 1214 1111 turbidas
1245 1081 1316 1122 ac,
1348 1070 1384 1111 si
1413 1082 1499 1111 una
1527 1068 1687 1122 forent,
1716 1069 1985 1123 praevalidas

211 1146 494 1201 dispergendi,
524 1150 689 1200 partem
719 1147 980 1190 Batavorum
1008 1148 1071 1191 ire
1100 1149 1144 1191 in
1174 1149 1407 1192 subsidium
1438 1149 1567 1192 iubet.
1612 1131 1730 1204 *quod
1758 1148 1832 1192 ubi
1862 1149 1983 1192 audi·
2001 1158 2041 1188 10

211 1229 305 1270 tum
333 1226 646 1281 volgatumque,
676 1240 865 1270 maerere
893 1228 1008 1281 socii,
1037 1227 1216 1272 fremere
1243 1229 1440 1282 legiones.
1486 1229 1628 1272 orbari
1658 1242 1704 1272 se
1733 1229 1984 1272 fortissimo-

212 1320 307 1351 rum
336 1307 523 1350 virorum
553 1307 732 1360 auxilio;
775 1311 940 1351 veteres
978 1308 1073 1351 illos
1112 1312 1156 1351 et
1185 1312 1250 1352 tot
1278 1307 1483 1352 bellorum
1513 1310 1694 1352 victores
1708 1344 1718 1362 ‚
1760 1314 1986 1364 postquam

211 1387 256 1431 in
275 1390 505 1442 conspectu
534 1388 591 1430 sit
619 1387 768 1441 hostis,
798 1387 916 1431 velut
937 1400 987 1430 ex
1007 1388 1098 1431 acie
1117 1388 1281 1432 abduci.
1328 1390 1365 1432 si
1394 1390 1613 1444 provincia
1641 1389 1745 1433 urbe
1776 1394 1818 1433 et
1847 1390 1987 1433 salute

213 1467 380 1522 imperii
420 1467 562 1522 potior
599 1468 679 1522 sit,
719 1481 863 1510 omnes
902 1467 1004 1511 illuc
1044 1473 1346 1523 sequerentur3
1392 1470 1459 1513 sin
1489 1471 1691 1513 victoriae
1721 1471 1911 1513 columen
1941 1471 1984 1513 in

211 1547 340 1591 Italia
387 1550 648 1601 verteretur,
700 1561 783 1590 non
832 1547 1145 1602 abrumpendos
1194 1552 1244 1592 ut
1293 1551 1462 1604 corpori
1514 1550 1796 1593 validissimos
1846 1553 1978 1593 artus.
2001 1561 2041 1591 15

215 1627 310 1682 (29)
339 1627 446 1670 haec
474 1626 673 1671 ferociter
701 1628 920 1682 iactando,
963 1632 1188 1683 postquam
1217 1629 1403 1673 inmissis
1433 1630 1653 1674 lictoribus
1682 1631 1838 1674 Valens
1870 1643 1985 1673 coer-

215 1719 310 1752 cere
339 1709 589 1752 seditionem
618 1708 856 1762 coeptabat,
886 1709 1028 1762 ipsum
1057 1710 1287 1763 invadunt,
1318 1722 1420 1753 saxa
1449 1711 1628 1764 iaciunt,
1658 1710 1889 1766 fugientem
1919 1723 1985 1753 se-

215 1791 413 1843 quuntur.
459 1788 596 1843 spolia
626 1788 861 1831 Galliarum
890 1792 935 1833 et
965 1789 1264 1833 Viennensium
1294 1803 1444 1833 aurum
1458 1825 1468 1844 ,
1499 1792 1639 1845 pretia
1667 1791 1860 1834 laborum
1890 1803 1986 1833 suo-

215 1881 325 1922 rum,
354 1869 565 1912 occultare
585 1868 864 1923 clamitantes,
894 1870 1071 1923 direptis
1102 1871 1280 1913 sarcinis
1312 1870 1587 1914 tabernacula
1615 1872 1735 1915 ducis
1765 1873 1986 1925 ipsamque

215 1948 390 1993 humum
420 1948 518 2003 pilis
549 1952 591 1992 et
619 1949 777 1992 lanceis
807 1949 1081 1993 rimabantur.
1130 1963 1229 1993 uam
1257 1950 1414 1994 Valens
1445 1951 1588 1994 servili
1619 1955 1735 1994 veste
1765 1952 1882 2005 apud
1912 1952 1984 1993 de·
2000 1963 2043 1993 20

309 2044 329 2074 2
366 2042 524 2082 cuiusque
556 2042 638 2072 det..·
662 2043 739 2083 cu13
834 2042 885 2084 223
921 2043 1064 2074 tentoria
1083 2043 1089 2083 1
1109 2043 1253 2074 tentoria
1344 2045 1364 2075 5
1401 2042 1471 2087 aut]
1507 2054 1546 2075 ae
1569 2043 1753 2083 Nipperdey
1845 2046 1864 2075 6
1901 2043 1987 2074 e&Ia

218 2086 290 2132 (litt.
317 2098 335 2119 e
352 2098 458 2128 paene
473 2087 625 2128 evanida)
696 2089 713 2118 7
741 2088 794 2118 Ire
810 2088 924 2118 uirorfi
994 2098 1162 2129 ungrosq3
1186 2086 1215 2133 (t
1234 2099 1391 2128 superse-r.
1412 2091 1475 2128 im)
1547 2090 1565 2119 9
1592 2090 1780 2129 preualidas
1854 2092 1891 2120 ll
1920 2099 1986 2120 me-

217 2143 291 2166 rere
385 2136 425 2166 13
463 2134 564 2165 uelud
659 2135 699 2163 14
734 2134 873 2173 uictorie
897 2134 1022 2164 sanitas
1045 2133 1284 2176 sulstentaculi‘i
1310 2136 1419 2168 coluffi
1451 2135 1590 2174 qlossam
1613 2146 1628 2166 e
1651 2140 1736 2166 textu
1760 2135 1883 2166 sustulit
1906 2135 1986 2174 Nip-

210 2179 344 2220 perdey,
367 2180 451 2211 unde
474 2180 639 2219 imvpaerit
652 2179 742 2219 infra
758 2179 854 2210 docui
875 2179 932 2220 (cf.
959 2180 1156 2211 Fleckeiseni
1177 2182 1286 2212 annal.
1319 2183 1402 2213 1884
1420 2192 1455 2220 p.
1476 2182 1538 2213 ‘175
1557 2181 1618 2222 sq.)
1689 2179 1786 2226 16117
1813 2182 1987 2212 cohercere

217 2227 255 2264 (h
271 2225 332 2256 del.
352 2227 415 2266 lm)
488 2228 527 2257 17
547 2225 701 2266 ceptabat
773 2227 813 2257 18
838 2225 945 2266 pretia
961 2223 1114 2257 Classen.-
1137 2230 1170 2258 et
1185 2227 1255 2267 'p'tia
1326 2229 1367 2259 19
1394 2227 1554 2258 occultari
1570 2226 1668 2257 Halm
1738 2227 1987 2259 tabernaculum

217 2271 401 2312 Nipperdey

218 2362 317 2408 rania]
352 2364 392 2395 ef.
419 2363 462 2394 ad
489 2365 526 2402 1,
554 2364 572 2394 6
603 2366 635 2393 ct
660 2365 698 2402 2,
728 2364 780 2394 11.
815 2381 859 2386 -—-
896 2363 1084 2405 Linqonum]
1122 2374 1219 2404 quam
1254 2364 1318 2395 hue
1356 2365 1548 2395 translatam
1580 2364 1614 2394 in
1650 2367 1777 2395 textum
1815 2363 1987 2403 irrepsisse

218 2421 317 2453 hodie
350 2421 504 2460 Lanyrea.
543 2437 584 2443 —
624 2419 810 2460 rettulimus]
847 2421 935 2452 Hist.
965 2423 980 2452 1
996 2445 1004 2460 ,
1031 2423 1083 2453 59.
1121 2424 1269 2462 apparet.
1302 2422 1343 2451 cf.
1369 2421 1511 2452 similem
1536 2422 1682 2461 glossam
1709 2423 1739 2460 1,
1765 2422 1807 2452 89
1833 2420 1986 2450 ancilium

221 2480 277 2510 64.
301 2495 346 2502 -
374 2482 409 2508 ut
431 2477 581 2516 cuiusque
604 2495 647 2500 —
673 2477 889 2518 accessissent]
915 2478 956 2510 cf.
988 2480 1016 2513 1.
1042 2480 1085 2510 85
1122 2482 1242 2508 scutum
1266 2478 1315 2508 vel
1338 2488 1431 2508 arma
1449 2479 1608 2516 caelestia,
1635 2487 1719 2518 quae
1743 2478 1831 2508 haud
1858 2477 1925 2508 scio
1944 2487 1986 2507 an

219 2540 254 2566 ut
277 2545 426 2575 quemque
456 2534 599 2566 nuntium
625 2533 728 2573 sama
759 2534 933 2566 adtulisset.
960 2553 1003 2558 --
1036 2535 1085 2566 ia·
1123 2539 1155 2566 et
1178 2536 1253 2575 ipsa
1277 2546 1316 2566 ex
1342 2535 1479 2566 Placido
1504 2536 1623 2566 hausta
1646 2536 1708 2574 sit3
1744 2535 1786 2566 cf.
1813 2533 1987 2573 Deuerlinq

221 2593 353 2634 etanta]
377 2593 505 2624 Harum
529 2601 639 2623 rerum
664 2592 809 2623 narratio
836 2602 909 2622 cum
933 2593 998 2623 fine
1017 2593 1085 2623 An·
1102 2571 1106 2601 Ι
1121 2603 1152 2632 p.
1172 2595 1214 2632 4,
1243 2595 1294 2624 12.
1338 2593 1378 2623 de
1403 2603 1441 2623 eo
1467 2593 1556 2632 quod
1582 2593 1719 2624 columen
1743 2591 1907 2622 vocabulo
1933 2601 1986 2622 sa-

220 2650 346 2681 nalium
364 2650 473 2690 periit.
499 2650 638 2681 Duum«.
656 2667 698 2672 —
725 2649 800 2679 duci
814 2648 976 2693 corrupta]
997 2653 1086 2681 recte
1121 2649 1206 2680 nitas
1231 2650 1417 2690 explicatur
1451 2650 1493 2680 cf.
1517 2650 1628 2680 Lim-e.-
1662 2650 1792 2689 glossae
1817 2648 1987 2679 nominum

220 2707 323 2739 editio
362 2707 519 2747 princeps
558 2707 861 2746 interpunctionem
901 2711 978 2747 post
1014 2707 1089 2737 duci
1121 2707 1256 2746 Lipsiae
1283 2708 1371 2738 1884
1396 2717 1426 2747 p.
1447 2707 1512 2738 208
1548 2705 1607 2747 (=
1631 2706 1841 2737 Fleckeiseni
1874 2707 1985 2737 annal.

221 2764 350 2803 omisit,
386 2774 461 2794 nam
495 2763 644 2794 ablativo
678 2763 832 2795 absoluto
866 2769 1018 2803 corrupta
1042 2782 1085 2787 —
1125 2763 1209 2795 1875
1235 2773 1268 2803 p.
1287 2762 1375 2805 537).
1403 2781 1446 2786 —
1471 2767 1505 2793 ut
1529 2762 1671 2806 corpori]
1696 2763 1735 2794 cf.
1762 2763 1860 2793 Ovid.
1887 2763 1986 2794 Trist.

221 2820 394 2862 disciplina
418 2831 517 2852 eausa
540 2820 690 2860 additur,
730 2830 788 2852 cur
820 2821 975 2852 acerbum
1008 2821 1084 2851 duci
1125 2822 1139 2850 l
1154 2843 1161 2856 ‚
1188 2823 1229 2859 3,
1255 2821 1297 2851 ‘14
1332 2820 1377 2850 Et
1402 2830 1485 2860 pars
1510 2820 1660 2860 abrumpi
1682 2830 1812 2860 corpore
1834 2820 1906 2851 visa
1930 2830 1987 2851 suo

220 2878 330 2909 fuerit.
1123 2881 1178 2907 cet.
1207 2863 1362 2908 'Curtius
1388 2877 1419 2916 6,
1440 2879 1473 2917 9,
1493 2880 1532 2909 19
1557 2877 1689 2908 videbar
1711 2878 1791 2908 enim
1814 2878 1893 2908 milti
1907 2888 1988 2917 par-

267 2937 322 2967 28.
363 2935 494 2974 pulsam
513 2934 714 2966 Treviromm
740 2935 816 2976 cet.]
843 2936 886 2967 cf.
913 2945 940 2967 c.
963 2936 1014 2966 14.
1042 2952 1084 2958 --
1121 2938 1181 2964 tem
1220 2934 1373 2964 viacerum
1412 2944 1548 2965 meorum
1588 2934 1780 2975 abrumpere.
1838 2934 1989 2966 Iordanis

223 2995 268 3022 tot
290 2991 440 3023 bellorum
463 2991 610 3036 victores]
647 2997 683 3024 ut
707 2995 749 3032 4,
776 2994 827 3024 58.
853 3010 897 3015 -
933 2991 1086 3022 victoriae
1123 2990 1238 3022 Getica
1262 3000 1291 3022 c.
1311 2992 1374 3030 39,
1400 2993 1465 3023 205
1500 2991 1546 3032 (in
1571 2991 1718 3031 alloquio
1742 2990 1898 3035 Attilae):
1933 2991 1988 3023 ab-

224 3049 373 3090 colmam]
416 3054 591 3090 postquam
627 3050 824 3090 Nipperdey,
848 3060 927 3080 sano
963 3050 1086 3080 iudicio
1122 3049 1207 3080 msa
1242 3053 1345 3079 autem
1380 3048 1485 3079 nervis
1519 3057 1591 3078 moa:
1623 3048 1762 3079 membra
1794 3047 1987 3087 relabuntur,

225 3104 343 3136 duetus
366 3115 458 3138 voce.
485 3108 608 3138 sanitas
637 3107 879 3139 sustentaculum
903 3107 1015 3147 spuria
1039 3107 1086 3137 iu-
1121 3115 1178 3136 nec
1196 3110 1304 3145 potest
1327 3109 1412 3135 stare
1436 3114 1561 3145 corpus,
1587 3105 1640 3135 cui
1661 3115 1736 3136 ossa
1760 3104 1962 3136 subtraxeris.

226 3161 368 3201 dicavit,
403 3163 470 3194 iam
505 3164 587 3195 mihi
621 3165 782 3204 contigit,
814 3166 856 3195 'ut
890 3164 1084 3202 invenirem,

225 3218 312 3249 unde
336 3219 399 3250 hoc
423 3220 683 3253 additamentum
709 3225 817 3252 ortum
835 3224 928 3253 esset.
966 3221 1087 3260 legitur
1179 3221 1230 3250 29.
1288 3219 1505 3249 Viennensium
1544 3219 1668 3260 aurum]
1711 3220 1753 3252 cf.
1791 3222 1829 3258 1,
1856 3221 1907 3251 66.
1943 3237 1987 3242 —

226 3276 314 3307 enim
343 3276 432 3316 apud
466 3277 646 3309 Luctatium
671 3278 839 3309 Placidum
872 3278 937 3322 (ed.
963 3279 1086 3309 Deuer-
1116 3276 1225 3315 pretia
1248 3274 1403 3316 laborum]
1441 3277 1484 3306 cf.
1508 3277 1588 3315 Agr.
1617 3279 1657 3308 12
1683 3286 1797 3307 aurum
1822 3281 1851 3307 et
1874 3287 1985 3315 arqen-

226 3333 298 3372 ling
321 3342 352 3373 p.
372 3335 425 3372 19,
452 3332 485 3375 1)
508 3334 589 3366 haee
614 3336 744 3374 glossa:
771 3335 934 3374 „columen
958 3336 1011 3366 uel
1037 3344 1086 3365 sa-
1122 3338 1184 3363 cum
1209 3337 1238 3363 et
1260 3331 1330 3363 alia
1353 3332 1500 3370 metalla,
1533 3333 1671 3374 pretium
1694 3333 1856 3364 victoriae.
1896 3335 1981 3364 Ann.

227 3390 312 3420 nitas
336 3390 390 3421 uel
414 3391 684 3431 sustentaculum,
711 3393 789 3432 quia
813 3402 832 3423 a
850 3393 1003 3423 columna
1028 3392 1086 3421 fit·‘
1128 3391 1177 3428 15,
1201 3392 1239 3421 12
1266 3394 1375 3420 castra
1391 3389 1535 3420 Romana
1552 3408 1590 3413 —
1615 3390 1751 3429 pret-ium
1768 3389 1888 3421 laboris
1908 3390 1984 3430 peti.
