2176 3672
793 324 962 368 LIBER
991 325 1070 369 III.
1131 325 1219 381 Cap
1265 327 1300 370 1.
1849 328 1931 371 391

455 723 1639 802 HISToRIARUM

774 850 975 893 LIBER
1004 852 1317 896 TERTIUS.

689 1107 1159 1144 BREVIARIUM
1187 1108 1406 1145 LIBRI.

157 1215 238 1253 esp.
268 1217 298 1246 1.
346 1216 518 1246 Flavianis
548 1217 587 1248 de
622 1217 749 1248 ratione
783 1217 863 1249 belli
889 1218 1150 1249 deliberantibus
1183 1228 1307 1249 moram
1332 1219 1403 1257 alii,
1440 1221 1471 1250 2.
1497 1219 1738 1250 festinationem
1762 1222 1928 1252 Antonius

203 1259 334 1291 Primus
358 1263 486 1301 suadet,
523 1263 554 1294 3.
581 1267 614 1293 et
638 1263 774 1294 obtinet.
813 1267 845 1294 4.
869 1265 1019 1303 proxima
1043 1264 1187 1295 Cornelii
1206 1265 1300 1295 Fusci
1327 1266 1513 1296 auctoritas.
1555 1267 1584 1295 5.
1612 1265 1775 1306 principes
1801 1267 1929 1298 Sarma-

203 1309 310 1337 tarum
333 1307 491 1346 Iazugum
516 1309 548 1339 in
573 1309 801 1339 commilitium
826 1310 954 1341 adsciti.
1002 1310 1080 1341 Sido
1105 1315 1136 1340 et
1162 1311 1296 1341 Italicus
1311 1310 1491 1341 Sueborum
1515 1320 1608 1350 reges
1633 1313 1727 1342 tracti
1752 1312 1783 1342 in
1810 1316 1928 1352 partes.

203 1353 235 1382 6.
253 1353 285 1383 7.
302 1352 447 1384 Antonio
464 1354 595 1385 Italiam
619 1355 791 1386 invadenti
816 1365 926 1386 comes
950 1360 999 1386 est
1016 1356 1132 1387 Arrius
1150 1357 1266 1387 Varus.
1290 1358 1412 1387 multas
1429 1357 1527 1388 urbes
1545 1362 1714 1396 occupant.
1753 1359 1783 1390 8.
1799 1359 1930 1389 Verona

202 1397 240 1427 fit
262 1396 342 1428 belli
364 1400 469 1430 sedes.
495 1409 604 1431 moras
629 1401 750 1431 frustra
773 1404 830 1432 aut
854 1411 926 1433 sero
951 1405 1086 1432 nectunt
1112 1401 1333 1440 Vespasianus
1358 1406 1390 1433 et
1407 1403 1586 1433 Mucianus.
1624 1403 1654 1433 9.
1679 1403 1813 1434 Interim
1830 1405 1930 1435 duces

201 1443 322 1474 mutuis
357 1445 505 1484 epistulis
538 1446 664 1477 bellum
697 1451 825 1485 gerunt.
876 1449 930 1479 10.
963 1447 1119 1487 Tampius
1156 1448 1337 1478 Flavianus
1371 1449 1465 1478 militi
1502 1452 1674 1487 suspectus
1707 1450 1749 1480 ab
1784 1451 1927 1480 Antonio

199 1493 362 1520 servatur.
412 1493 466 1522 11.
491 1491 543 1522 hic
568 1493 703 1523 alteram
739 1502 869 1532 quoque
904 1493 1097 1524 seditionem
1134 1493 1210 1524 odio
1243 1494 1364 1532 Aponii
1389 1494 1558 1524 Saturnini
1594 1498 1697 1525 ortam
1732 1496 1926 1534 comprimit.

202 1536 254 1566 12.
280 1535 428 1567 Lucilius
452 1537 575 1568 Bassus
612 1542 645 1568 et
672 1540 723 1570 13.
752 1541 804 1569 14.
831 1538 973 1570 Caecina
996 1549 1016 1569 a
1039 1539 1172 1570 Vitellio
1197 1540 1382 1570 deficientes
1408 1550 1427 1570 a
1451 1540 1611 1570 militibus
1635 1541 1703 1571 suis
1725 1542 1928 1572 coniciuntur

201 1580 234 1610 in
258 1581 403 1612 vincula.
442 1584 491 1612 15.
516 1583 685 1615 discordes
700 1584 897 1615 Vitellianos
920 1585 962 1615 ad
979 1585 1171 1616 Bedriacum
1195 1585 1331 1624 adgredi
1356 1586 1470 1616 statuit
1486 1586 1659 1617 Antonius.
1699 1588 1749 1618 16.
1768 1588 1928 1618 aviditate

199 1626 373 1658 navandae
398 1637 517 1667 operae
541 1630 656 1660 Arrius
682 1630 788 1661 Varus
820 1640 888 1661 rem
921 1630 955 1660 in
987 1631 1161 1662 discrimen
1187 1631 1342 1671 adducit3
1381 1633 1433 1662 17.
1458 1641 1530 1662 eam
1555 1632 1718 1663 Antonius
1742 1635 1928 1664 constantia

201 1676 234 1703 et
256 1672 379 1704 virtute
402 1675 555 1717 restituit,
582 1677 635 1707 18.
660 1676 800 1707 victoria
822 1677 958 1716 potitur.

249 1721 301 1750 19.
325 1719 477 1751 Flaviani
501 1730 540 1751 ea
564 1722 638 1752 freti
664 1722 858 1754 Cremonam
883 1731 1073 1761 expugnare
1097 1722 1288 1761 deposcunt.
1326 1723 1379 1753 20.
1399 1722 1617 1754 inconsultum
1643 1732 1754 1754 eorum
1778 1724 1926 1755 ardorem

201 1763 322 1796 frustra
353 1766 473 1797 retinet
494 1767 669 1798 Antonius.
718 1770 771 1800 21.
798 1769 855 1799 sed
890 1768 1099 1799 adventantis
1132 1768 1237 1800 hostis
1269 1772 1374 1799 terror
1407 1769 1592 1799 obstructas
1623 1773 1749 1800 mentes
1781 1771 1927 1801 consiliis

199 1810 293 1841 ducis
315 1812 428 1851 aperit.
479 1814 643 1844 22—25.
667 1814 829 1853 proelium
853 1818 964 1849 atrox,
998 1823 1129 1853 anceps.
1179 1814 1342 1844 Antonius
1366 1815 1489 1854 egregii
1522 1815 1614 1845 ducis
1649 1815 1760 1845 munia
1793 1816 1926 1857 implct;

198 1857 371 1888 victoriam
388 1858 504 1889 aufert.
532 1860 628 1890 26-
640 1860 695 1890 33.
713 1860 876 1891 Cremona
892 1860 1040 1897 obsessa,
1059 1862 1164 1898 capta,
1183 1863 1337 1899 cremata,
1361 1862 1415 1893 34.
1433 1864 1549 1900 postea
1560 1861 1720 1892 restituta.
1748 1861 1801 1892 35.
1818 1863 1926 1892 victae

199 1903 346 1942 legiones
370 1904 547 1942 dispersae.

245 1949 300 1980 36.
325 1949 480 1981 Vitellius
502 1950 580 1980 luxu
613 1953 730 1990 torpet.
779 1951 832 1982 37.
867 1951 901 1980 in
933 1950 1048 1981 urbem
1084 1953 1236 1982 revectus
1268 1950 1443 1982 Caecinam
1478 1952 1693 1990 condemuat3
1726 1952 1755 1982 ei
1788 1953 1924 1983 Rosium

198 1995 360 2034 Regulum
384 1996 417 2026 in
443 2005 543 2026 unum
567 1996 652 2026 diem
678 1997 845 2027 consulem
862 1996 990 2027 sufficit.
1030 1997 1083 2028 38.
1111 1997 1163 2028 39.
1181 1997 1297 2027 Iunius
1313 1997 1452 2028 Blaesus
1478 1997 1591 2028 fraude
1604 1997 1643 2027 L.
1656 1998 1781 2028 Vitellii
1795 2008 1923 2029 veneno

198 2041 336 2071 tollitur.
386 2043 441 2073 40.
474 2043 528 2072 41.
564 2042 685 2073 Fabius
720 2042 842 2073 Valens
876 2042 1014 2072 libidine
1047 2046 1079 2073 et
1113 2043 1318 2073 cunctatione
1350 2043 1603 2073 Vitellianorum
1635 2053 1687 2073 res
1721 2044 1848 2074 subruit
1881 2048 1922 2080 et,

197 2087 255 2117 42.
280 2087 450 2118 Flavianis
474 2087 605 2118 Italiam
638 2087 886 2127 occupantibus,
923 2090 978 2119 43.
1003 2087 1045 2118 ad
1069 2087 1271 2119 Stoechadas
1305 2089 1432 2119 delatus
1466 2089 1604 2128 capitur.
1651 2090 1706 2120 44.
1731 2090 1922 2128 Hispaniae,

200 2131 339 2169 Galliae,
374 2133 557 2171 Britannia,
589 2138 707 2164 cuncta
731 2133 773 2163 ad
799 2133 994 2173 Vespasiani
1030 2142 1109 2172 opes
1133 2143 1301 2165 conversa.
1353 2135 1407 2165 45.
1434 2134 1542 2164 turbat
1576 2140 1683 2165 tamen
1717 2135 1922 2166 Britanniam

199 2176 371 2209 Venutius.
420 2178 465 2209 ibi
490 2179 584 2209 varia
606 2183 694 2210 sorte
719 2182 910 2219 pugnatum.
958 2181 1012 2210 46.
1038 2178 1217 2210 Germania
1251 2189 1378 2219 quoque
1402 2181 1542 2211 turbata.
1590 2185 1679 2211 mota
1702 2184 1735 2211 et
1757 2181 1921 2211 Dacorum

197 2232 291 2263 gens,
315 2233 335 2254 a
358 2224 509 2255 Muciano
534 2234 573 2255 ex
591 2223 724 2255 Oriente
749 2225 866 2255 reduce
890 2234 1049 2264 repressa.
1097 2226 1153 2255 47.
1169 2227 1223 2257 48.
1241 2225 1397 2257 Anicetus
1413 2226 1600 2257 Polemonis
1624 2226 1759 2258 libertus
1780 2227 1921 2257 Pontum

196 2269 357 2301 infestans
382 2270 518 2310 capitur.
559 2271 782 2310 Vespasianus
805 2271 1041 2301 Alexandriam
1066 2271 1182 2310 pergit,
1207 2275 1243 2301 ut
1266 2271 1379 2302 urbem
1404 2272 1489 2302 fame
1515 2275 1639 2310 urgeat.
1680 2274 1734 2304 49.
1757 2272 1920 2303 Antonius

197 2318 274 2354 post
298 2315 492 2347 Cremonam
518 2317 701 2356 superbior.
738 2318 791 2348 50.
817 2320 943 2355 partem
968 2316 1134 2355 copiarum
1153 2316 1304 2348 Veronae
1327 2317 1491 2356 relinquit,
1516 2322 1642 2357 partem
1667 2318 1701 2348 in
1726 2318 1920 2349 Vitellianos

197 2361 338 2401 expedit.
399 2363 452 2392 51.
490 2363 649 2393 nefarium
685 2362 812 2393 facinus
848 2362 960 2392 militis
997 2362 1040 2393 ob
1075 2362 1220 2393 occisum
1256 2372 1276 2393 a
1311 2373 1345 2394 se
1383 2363 1517 2394 fratrem
1551 2363 1731 2403 praemium
1767 2364 1917 2402 petentis.

197 2407 251 2438 52.
278 2407 520 2438 festinationem
543 2409 679 2439 Antonii
703 2408 790 2447 apud
807 2408 1046 2447 Vespasianum
1071 2408 1261 2439 criminatur
1276 2408 1458 2440 Mucianus.
1497 2411 1551 2441 53.
1578 2409 1606 2439 is
1631 2410 1804 2440 iactantius
1821 2419 1918 2448 quam

195 2453 239 2483 ad
264 2453 447 2492 principem
472 2454 601 2485 litteras
626 2454 804 2493 componit,
825 2454 1012 2484 Mucianum
1037 2454 1225 2485 insectatus.
1275 2454 1352 2486 inde
1377 2463 1495 2494 graves
1519 2455 1637 2485 ducum
1662 2455 1858 2486 simultates.

242 2499 296 2530 54.
321 2499 474 2530 Vitellius
498 2501 598 2530 stulta
621 2499 882 2531 dissimulatione
906 2500 1010 2530 cladis
1034 2500 1075 2530 ad
1100 2498 1295 2531 Cremonam
1320 2500 1464 2531 remedia
1486 2501 1648 2531 malorum
1671 2501 1790 2532 differt.
1826 2505 1916 2532 nota-

197 2543 276 2575 bilis
311 2545 495 2576 constantia
520 2545 595 2576 Iulii
618 2546 775 2585 Agrestis.
825 2547 880 2577 55.
907 2545 1067 2583 Vitellius,
1105 2549 1142 2576 ut
1174 2556 1191 2577 e
1215 2555 1331 2577 somno
1356 2546 1492 2584 excitus,
1518 2546 1751 2586 Appenninum
1776 2546 1918 2578 obsideri

194 2589 296 2628 iubet,
319 2591 461 2622 honores
485 2592 631 2630 largitur,
657 2592 691 2622 in
716 2595 822 2622 castra
845 2591 947 2623 venit.
985 2592 1038 2622 56.
1057 2591 1218 2631 prodigia,
1242 2591 1457 2632 praecipuum
1481 2593 1551 2631 ipse
1569 2592 1721 2623 Vitellius
1746 2596 1918 2629 ostentum,

193 2636 328 2675 ignarus
345 2636 492 2675 militiae,
510 2638 704 2677 inprovidus
722 2637 862 2674 consilii,
888 2637 1027 2667 Romam
1043 2639 1180 2668 revertit
1196 2638 1368 2677 perculsus
1383 2638 1566 2669 defectione
1583 2638 1777 2669 Misenensis
1793 2639 1918 2669 classis.

194 2683 249 2713 57.
274 2682 444 2713 Puteolani
470 2683 686 2722 Vespasiano,
721 2682 834 2722 Capua
861 2683 992 2713 Vitellio
1017 2682 1115 2713 favet.
1165 2682 1321 2714 Claudius
1346 2684 1492 2715 Iulianus
1527 2683 1560 2714 in
1585 2688 1696 2722 partes
1722 2684 1917 2723 Vespasiani

192 2729 320 2765 transit,
354 2730 408 2767 qui
443 2729 653 2759 Tarracinam
686 2736 835 2768 occupat.
883 2731 935 2759 58.
963 2728 1115 2759 Vitellius
1150 2730 1282 2760 fratrem
1317 2729 1456 2760 Lucium
1492 2729 1578 2760 bello
1612 2739 1671 2768 per
1705 2729 1917 2769 Campaniam

193 2775 342 2813 opponit.
367 2775 437 2814 ipse
454 2775 576 2805 Romae
602 2785 641 2805 ex
665 2775 759 2814 plebe
784 2779 815 2805 et
839 2774 983 2805 servitiis
1009 2774 1183 2805 exercitum
1207 2775 1358 2812 corradit,
1383 2776 1438 2814 qni
1464 2774 1557 2805 brevi
1577 2775 1743 2806 dilabitur.
1770 2775 1918 2807 sesma-

194 2819 283 2851 viani
306 2821 541 2860 Appenninum
566 2825 754 2861 transeunt;
779 2821 819 2850 ad
844 2829 899 2851 eos
914 2819 1051 2851 Cerialis
1066 2820 1191 2851 Vitellii
1215 2821 1381 2852 custodias
1406 2823 1536 2860 elapsus
1561 2821 1652 2851 venit
1668 2825 1700 2851 et
1716 2821 1802 2852 inter
1818 2821 1916 2852 duces

192 2865 384 2897 adsumitur.
434 2869 486 2898 60.
511 2876 639 2906 pugnae
664 2867 781 2897 avidos
805 2867 925 2896 milites
959 2875 1055 2904 aegre
1079 2866 1211 2897 cohibet
1234 2867 1407 2897 Antonius.
1457 2869 1511 2898 61.
1536 2867 1600 2896 iam
1624 2866 1740 2897 crebra
1771 2867 1853 2897 fiunt
1875 2868 1917 2898 ad

192 2910 431 2951 Vespasianum
455 2913 648 2951 transfugia.
696 2912 828 2943 Priscus
854 2917 886 2943 et
910 2912 1047 2942 Alfenus
1079 2915 1187 2942 castra
1212 2913 1374 2950 deserunt,
1408 2912 1450 2941 ad
1476 2912 1646 2942 Vitellium
1670 2913 1821 2952 regressi.
1859 2913 1914 2943 62.

193 2957 247 2988 63.
273 2966 368 2989 caeso
392 2958 530 2989 Valente
556 2958 826 2998 desperabnndus
858 2957 952 2988 miles
987 2956 1048 2987 sub
1081 2957 1184 2996 signis
1218 2957 1412 2996 vexillisque
1446 2958 1487 2988 ad
1513 2957 1752 2996 Vespasianum
1788 2958 1917 2989 transit.

191 3010 256 3040 pax
280 3006 311 3034 et
334 3004 424 3035 salus
448 3004 628 3035 offeruntur
652 3004 798 3042 Vitellio,
823 3004 849 3034 si
876 3013 910 3034 se
936 3002 1042 3034 dedat.

238 3049 292 3079 64.
315 3049 451 3081 Flavius
476 3049 617 3081 Sabinus
642 3050 734 3081 urbis
758 3050 943 3089 praefectus
977 3048 1099 3079 frustra
1131 3048 1284 3078 incitatur
1316 3048 1358 3078 ad
1382 3057 1494 3085 arma3
1533 3049 1586 3079 65.
1613 3048 1703 3087 pacis
1734 3058 1849 3080 amans
1873 3049 1913 3079 de

191 3101 270 3131 pace
293 3095 362 3133 agit
385 3104 458 3126 eum
483 3097 616 3127 Vitellio
665 3098 718 3127 66.
743 3096 858 3126 cedere
881 3099 1006 3134 parato,
1044 3094 1076 3123 ni
1103 3094 1152 3124 sui
1178 3094 1404 3125 reniterentur.
1454 3094 1510 3124 67.
1537 3095 1590 3125 68.
1616 3094 1649 3124 hi
1674 3094 1766 3133 pullo
1790 3095 1912 3125 amictu

190 3137 319 3169 Palatio
344 3141 530 3180 degressum
555 3145 588 3173 et
610 3151 671 3181 pro
697 3142 848 3172 contione
872 3141 986 3172 cedere
1010 3148 1045 3169 se
1069 3140 1204 3178 imperio
1228 3143 1402 3170 testantem
1426 3149 1465 3169 eo
1490 3139 1596 3169 redire
1620 3144 1751 3179 cogunt.
1784 3141 1838 3172 69.
1866 3141 1912 3171 in-

190 3183 284 3214 terim
307 3184 450 3217 Sabinus
473 3197 541 3218 rem
567 3187 732 3227 publicam
757 3189 946 3226 susceperat
969 3186 1062 3223 eique
1086 3185 1224 3215 aderant
1247 3185 1385 3215 Romani
1410 3184 1516 3215 omnis
1533 3185 1670 3222 ordinis,
1697 3186 1912 3217 frementibus

191 3227 394 3262 Germanicis
429 3233 627 3264 cohortibus.
675 3234 836 3264 modicum
871 3232 1029 3271 proelium
1065 3230 1251 3261 Vitellianis
1285 3239 1489 3270 prosperum.
1538 3229 1678 3262 Sabinus
1711 3231 1911 3271 Capitolium

190 3279 337 3314 occupat,
363 3278 451 3316 quod
476 3279 529 3309 70.
555 3278 708 3310 Cornelio
734 3279 882 3309 Martiale
908 3278 1026 3308 frustra
1050 3277 1091 3306 ad
1127 3276 1295 3307 Vitellium
1319 3276 1418 3306 misso
1446 3277 1496 3306 ⁷1.
1516 3276 1684 3307 Vitelliani
1710 3282 1913 3317 oppugnant.

190 3319 389 3359 Capitolium
421 3323 607 3363 conflagrat.
656 3326 707 3355 72.
740 3325 781 3355 de
818 3324 981 3364 prioribus
1016 3322 1168 3361 Capitolii
1204 3322 1279 3352 fatis
1314 3321 1482 3360 digressio.
1523 3324 1575 3353 73.
1602 3322 1769 3353 Vitelliani
1796 3327 1913 3354 cuncta

190 3366 349 3405 sanguine
373 3368 458 3399 ferro
474 3369 614 3401 flammis
637 3371 783 3401 miscent.
810 3370 962 3400 Flavium
987 3368 1144 3399 Sabinum
1169 3371 1201 3398 et
1223 3368 1368 3398 Atticum
1393 3368 1560 3397 consulem
1585 3368 1727 3407 capiunt.
1769 3370 1821 3400 74.
1845 3368 1913 3398 Do-

191 3411 344 3444 mitianus
367 3414 544 3446 sacricolae
567 3416 683 3447 habitu
708 3416 878 3447 delitescit.
914 3415 1056 3445 Sabinus
1080 3413 1183 3444 invito
1201 3413 1332 3444 Vitellio
1357 3412 1543 3443 trucidatur.
1582 3414 1635 3445 75.
1659 3413 1771 3445 Sabini
1789 3414 1912 3444 laudes.

188 3457 314 3489 Atticus
339 3463 496 3492 servatur.

234 3514 363 3548 Tacitus
387 3517 448 3548 111.
1653 3520 1703 3554 26
