2176 3672
695 216 869 260 LIBER
897 217 930 260 Ι.
990 216 1091 271 Cap.
1116 217 1186 260 55.
1217 216 1284 260 56.
1315 217 1383 260 57.
1413 217 1481 260 58.
1896 216 1980 259 277

207 332 353 388 perior
381 332 592 375 exercitus
622 331 825 386 speciosis
865 334 1040 374 senatus
1068 331 1301 387 populique
1328 332 1508 375 Romani
1543 330 1782 374 nominibus
1819 330 1982 374 relictis

208 411 384 456 tertium
409 424 543 455 nonas
560 411 796 467 „lanuarias
826 411 999 454 Vitellio
1029 413 1227 455 accessit:
1259 413 1390 455 scires
1420 411 1540 455 illum
1569 412 1712 466 priore
1739 410 1870 454 biduo
1898 424 1982 454 non

206 488 351 547 pmes
365 504 455 535 rem
483 491 697 546 publicam
735 490 880 534 fuisse.
926 492 1122 534 ardorem
1160 493 1422 535 exercituum
1451 492 1786 547 Agrippinenses
1815 491 1982 534 Treviri

205 571 418 627 Lingones
446 571 688 626 aequabant
716 571 877 614 auxilia
907 584 1037 626 equos
1068 585 1188 614 arma
1216 573 1438 626 pecuniam
1466 571 1703 626 offerentes,
1732 575 1783 615 ut
1803 572 1982 627 quisque

206 663 385 707 corpore
423 651 576 707 opibus
615 652 785 706 ingenio
825 651 1006 694 validus.
1065 664 1142 695 nec
1185 653 1400 706 principes
1443 653 1568 695 modo
1607 652 1864 695 coloniarum
1905 655 1982 695 aut
2015 661 2036 693 5

205 734 457 785 castrorum,
486 731 641 787 quibus
669 733 915 786 praesentia
944 744 996 775 ex
1025 731 1219 775 affluenti
1248 736 1293 775 et
1316 736 1445 787 parta
1464 733 1644 775 victoria
1666 744 1847 786 magnae
1869 745 1981 787 spes,

203 811 283 855 sed
309 811 519 866 manipuli
547 824 717 867 quoque
746 815 791 855 et
818 813 1041 866 gregarius
1070 812 1192 855 miles
1213 813 1372 855 viatica
1399 825 1480 855 sua
1500 816 1544 856 et
1566 812 1732 856 balteos
1760 812 1981 867 phaleras-

202 903 300 946 que,
328 891 514 946 insignia
542 905 757 935 armorum
786 896 965 946 argento
987 893 1156 946 decora,
1186 892 1279 935 loco
1301 894 1506 947 pecuniae
1528 893 1758 936 tradebant
1776 894 1981 936 instinctu

203 974 249 1015 et
275 971 440 1027 impetu
478 976 523 1015 et
552 973 748 1015 avaritia.
809 972 903 1027 (58)
940 973 1074 1027 igitur
1109 972 1289 1016 laudata
1316 973 1499 1015 militum
1528 973 1753 1016 alacritate
1779 973 1980 1016 Vitellius

203 1051 443 1095 ministeria
480 1052 748 1107 principatus
788 1065 867 1107 per
903 1052 1080 1096 libertos
1119 1053 1191 1107 agi
1228 1053 1357 1095 solita
1383 1053 1427 1096 in
1457 1054 1620 1108 equites
1649 1053 1860 1097 Romanos
1890 1054 1978 1097 dis-
1992 1066 2035 1096 10

201 1132 345 1186 ponit3
387 1133 634 1176 vacationes
676 1132 994 1175 centurionibus
1033 1145 1085 1176 ex
1122 1130 1225 1175 fisco
1266 1136 1488 1186 numerat;
1531 1134 1754 1176 saevitiam
1793 1133 1976 1177 militum

199 1211 428 1267 plerosque
456 1213 514 1255 ad
541 1225 722 1267 poenam
751 1213 1066 1267 exposcentium
1095 1213 1267 1267 saepius
1297 1213 1530 1268 adprobat,
1570 1226 1669 1256 raro
1707 1214 1976 1257 simulatione

200 1291 464 1335 vinculorum
492 1292 741 1336 frustratur.
799 1291 1027 1347 Pompeius
1046 1292 1316 1347 Propinquus
1335 1296 1591 1347 procurator
1608 1293 1807 1348 Belgicae
1827 1295 1975 1337 statim

199 1371 472 1426 interfectus3
510 1372 667 1415 Iulium
694 1373 938 1415 Burdonem
968 1372 1246 1416 Germanicae
1276 1373 1424 1416 classis
1453 1373 1716 1427 praefectum
1746 1378 1845 1416 astu
1874 1374 1974 1417 sub-

198 1452 344 1495 traxit.
389 1456 608 1496 exarserat
644 1453 689 1495 in
718 1465 814 1496 eum
843 1453 1066 1496 iracundia
1102 1454 1335 1507 exercitus,
1374 1458 1578 1508 tanquam
1607 1454 1763 1497 crimen
1799 1467 1849 1497 ac
1877 1468 1974 1497 mox
1989 1468 2030 1499 15

197 1531 376 1575 insidias
404 1532 581 1576 Fonteio
611 1532 810 1588 Capitoni
847 1534 1087 1577 struxisset.
1132 1537 1258 1588 grata
1292 1537 1387 1576 erat
1415 1535 1621 1576 memoria
1649 1533 1888 1588 Capitonis3
1930 1539 1976 1578 et

198 1612 316 1666 apud
344 1613 580 1656 saevientes
609 1614 801 1657 occidere
828 1614 985 1668 palam,
1015 1614 1234 1668 ignoscere
1262 1627 1346 1656 non
1375 1614 1458 1656 nisi
1486 1613 1671 1657 fallendo
1699 1614 1865 1657 licebat.
1910 1616 1974 1658 ita

197 1691 242 1735 in
271 1693 470 1737 custodia
496 1693 669 1737 habitus
699 1698 743 1737 et
770 1698 871 1750 post
898 1694 1122 1738 victoriam
1151 1694 1321 1737 demum
1348 1695 1499 1738 stratis
1536 1695 1622 1736 iam
1651 1694 1834 1738 militum
1862 1696 1973 1738 odiis

292 1808 313 1838 2
337 1808 435 1839 tertio
457 1808 507 1839 ed.
524 1809 633 1849 princ.
704 1810 725 1841 3
758 1819 861 1849 penes
884 1819 1015 1849 rem.p.
1086 1810 1315 1850 agrippienses
1384 1811 1405 1840 4
1437 1784 1577 1849 pecunig
1600 1811 1630 1850 (s
1655 1810 1715 1840 dd.
1739 1815 1769 1841 et
1790 1816 1898 1841 notam
1921 1812 1970 1841 lit-

197 1857 287 1883 me
309 1862 342 1884 m
365 1854 443 1885 aad.
470 1852 536 1890 lm)
607 1856 627 1885 5
662 1864 820 1895 corporeo
843 1855 914 1898 (ult.
938 1865 957 1886 ο
981 1856 1043 1886 del.
1068 1854 1134 1898 2m)
1203 1856 1323 1886 ualidis
1391 1857 1592 1887 colaniarnm
1617 1856 1716 1897 (corr.
1743 1855 1807 1898 lm)
1879 1859 1896 1887 7
1922 1858 1969 1887 fa-

196 1898 327 1940 lerasq3
414 1902 453 1931 11
481 1901 634 1932 sevitiam
718 1903 758 1932 12
783 1905 870 1941 peni
939 1903 1050 1941 sepius
1119 1911 1194 1932 raro
1218 1901 1336 1932 Iacob:
1360 1911 1441 1941 paro
1527 1904 1568 1933 13
1592 1902 1745 1942 belligice
1828 1905 1868 1933 14
1893 1903 1969 1933 bur-

196 1944 331 2030 din-em)
387 1947 429 1978 17
453 1947 618 1978 sevientes
689 1948 729 1978 18
754 1947 867 1979 stratis
889 1947 983 1978 deun·
1004 1948 1098 1979 statis
1122 1948 1264 1988 (satiatis
1279 1947 1484 1986 steivoeheim,
1510 1949 1632 1979 sedatis
1647 1948 1831 1986 Doderlein,
1857 1949 1969 1980 fractis

234 1999 317 2021 aaa·

197 2069 265 2101 IH.
286 2069 403 2102 Nonas
435 2070 521 2112 Iaca]
557 2073 587 2104 3.
613 2071 667 2103 die
698 2072 855 2104 Ianuarii.
889 2090 935 2097 —
966 2082 1066 2113 penes
1089 2073 1210 2112 fite-ore
1233 2073 1372 2113 quodam
1394 2079 1426 2104 et
1447 2074 1607 2105 instance-a.
1631 2092 1676 2098 —
1699 2074 1854 2115 avaritia]
1878 2075 1967 2114 quod

196 2137 264 2158 m
280 2127 459 2170 publicam]
482 2137 503 2159 a
525 2128 678 2168 partibus
700 2129 750 2160 rei
772 2130 939 2170 publicae,
964 2130 1065 2162 liber—
1100 2130 1277 2162 crederent
1301 2141 1336 2162 se
1361 2141 1446 2171 quae
1470 2132 1589 2163 darent
1621 2141 1696 2162 cum
1720 2132 1848 2171 ingenti
1872 2132 1966 2162 lucro

196 2184 287 2216 tatis.
332 2185 470 2216 nunna.
506 2203 552 2209 —
591 2184 730 2230 atym-'01
778 2181 1063 2227 Erfirihnqsqabe,
1098 2191 1302 2227 recepturos.
1351 2189 1394 2219 ef.
1419 2191 1452 2227 2,
1478 2189 1542 2219 84:
1573 2188 1745 2219 Mucianus
1766 2189 1877 2227 lav-qus
1893 2189 1967 2228 pn}

197 2241 359 2281 sollertia,
385 2252 452 2283 qua
475 2244 730 2284 qualiacumque
753 2244 879 2275 auxilia
894 2248 928 2276 et
942 2245 1063 2276 instru-
1098 2244 1216 2282 vatim,
1251 2245 1337 2283 quod
1366 2245 1492 2276 avidius
1527 2245 1565 2276 de
1596 2256 1631 2276 re
1657 2245 1792 2285 publica
1825 2250 1965 2277 maneret.

195 2303 309 2330 menta
330 2299 414 2331 belli
438 2300 684 2340 excogitabant.
708 2319 754 2325 —
787 2302 985 2332 coloniarum
1008 2306 1065 2333 aut
1098 2302 1269 2333 mewsu.

195 2355 385 2397 eam-un]
418 2357 475 2388 Illi
498 2362 577 2389 sunt
600 2350 815 2398 deeufiones,
839 2359 939 2390 etiam
963 2361 1064 2390 ceteri
1145 2359 1199 2390 58.
1245 2358 1280 2388 in
1304 2359 1420 2398 equites
1442 2359 1613 2401 Romanos]
1650 2363 1687 2390 ut
1720 2360 1839 2390 horum
1873 2359 1965 2391 favo-

198 2412 338 2445 ditioree
375 2410 617 2458 (Haustus-ae„
652 2415 688 2446 hi
723 2414 871 2454 tribuni,
904 2417 1063 2456 praefecti
1098 2425 1168 2446 rem
1202 2415 1267 2446 sibi
1291 2417 1399 2456 primo
1425 2427 1557 2457 quoque
1580 2421 1728 2456 tempore
1753 2417 1965 2456 conciliaret;

197 2473 393 2509 castrorum,
417 2471 582 2511 signiferi,
605 2472 785 2512 aquiliferi,
810 2473 964 2513 optiones
988 2477 1063 2512 cet.,
1098 2471 1295 2504 libertorum
1319 2473 1419 2504 fidem
1442 2474 1519 2505 aliis
1542 2475 1640 2505 donis
1662 2475 1793 2504 firmare
1818 2475 1883 2504 iam
1907 2484 1965 2513 po-

197 2531 236 2558 ut
268 2531 359 2559 reete
390 2527 547 2559 savinus.
593 2528 663 2559 Alii
695 2533 806 2561 tamen
839 2530 959 2561 volunt
992 2540 1063 2562 esse
1098 2532 1197 2568 terat,
1219 2530 1269 2560 uti
1292 2529 1495 2570 Asiaticum,
1518 2531 1654 2570 foedam
1676 2531 1888 2570 mancipium,
1912 2531 1965 2562 ho-

195 2583 336 2624 Bnrqaa,
354 2584 520 2623 Meam,
544 2595 606 2626 pro
622 2586 844 2625 mmuomm;
867 2597 983 2618 verum
999 2587 1063 2618 hoc
1098 2587 1226 2616 noo-avit
1248 2586 1354 2617 anulis
1385 2589 1416 2626 2,
1443 2589 1515 2625 57.‚
1543 2588 1651 2628 primo
1674 2588 1801 2627 imperii
1822 2588 1889 2626 die,
1917 2589 1965 2619 ait

196 2640 254 2672 vix
275 2641 498 2682 probandum,
521 2642 646 2683 quippe
669 2643 768 2674 nimis
790 2643 993 2683 ambiguum.
1018 2662 1063 2667 —
1099 2643 1278 2675 Suetonius
1300 2645 1342 2674 V.
1370 2646 1422 2676 12.
1470 2645 1543 2676 Nisi
1567 2655 1646 2676 vero
1670 2645 1735 2675 hoc
1759 2645 1861 2683 dicit,
1886 2645 1965 2685 quia

196 2707 237 2729 ez
256 2696 417 2742 affluenti]
451 2698 615 2730 Graecum
647 2697 688 2732 ἐκ
710 2698 888 2742 περιττοῦ,
922 2711 982 2740 pro
1007 2701 1063 2731 ad·
1100 2709 1167 2730 non
1191 2701 1273 2731 satis
1306 2700 1502 2733 libertorum
1538 2711 1612 2732 cum
1642 2701 1785 2732 maxime
1816 2702 1905 2742 apud
1928 2712 1963 2733 se

195 2754 330 2794 iectivo,
354 2756 536 2788 affluentia.
559 2756 698 2787 Dumm-
744 2756 800 2788 Sic
823 2767 863 2788 ex
885 2757 1067 2788 abundanti
1099 2757 1274 2796 habuerit,
1309 2767 1348 2789 eo
1373 2768 1441 2790 rem
1466 2758 1639 2790 devenisse
1653 2781 1661 2797 ,
1696 2762 1734 2788 nt
1757 2762 1836 2789 tunc
1859 2759 1964 2798 impo-

199 2810 341 2851 Quintil.
364 2815 398 2853 4,
424 2815 458 2852 5,
485 2814 526 2845 15
551 2823 590 2844 ex
602 2813 709 2853 faeu'ln'
730 2817 762 2853 3,
788 2815 844 2845 49.
875 2815 988 2854 Agric.
1010 2816 1062 2846 15.
1099 2814 1209 2844 nenda
1234 2819 1344 2845 essent
1367 2815 1536 2854 equitibus
1560 2814 1719 2845 Romanis
1753 2815 1834 2845 talia
1866 2816 1963 2846 mini-

200 2868 242 2900 ef.
282 2870 418 2901 omnino
456 2870 559 2901 Hand
598 2871 693 2903 Turs.
736 2872 780 2903 11.
817 2881 850 2911 p.
878 2874 944 2904 ⁶53
968 2882 1060 2911 seqq.
1099 2871 1210 2909 steria,
1228 2871 1357 2902 etiamsi
1373 2872 1450 2902 hnic
1469 2871 1578 2902 ordini
1594 2871 1703 2901 minus
1719 2871 1961 2903 convenientia.

198 2924 343 2965 Dramr
375 2926 470 2967 Synt-
502 2928 523 2968 ξ
547 2929 602 2960 96.
627 2946 673 2951 -
704 2928 931 2969 phalerasque]
966 2938 1062 2960 orna·
1098 2927 1181 2957 Rem
1220 2937 1299 2958 sane
1338 2933 1417 2958 tunc
1457 2928 1626 2958 insolitam
1663 2927 1765 2958 fuisse
1799 2932 1963 2959 monstrat

141 2983 159 2991 ”
198 2986 310 3014 menta
342 2987 377 3015 et
410 2994 570 3024 equorum
606 2989 640 3016 et
672 2985 832 3016 virorum.
879 2986 982 3016 Silius
1008 2987 1062 3023 15,
1098 2984 1262 3022 spartian.
1288 2984 1322 3014 in
1346 2984 1518 3014 Hadriano
1543 2984 1606 3015 22:
1640 2983 1692 3014 Ab
1714 2984 1855 3024 epanais
1887 2989 1918 3016 et
1939 2997 1963 3016 a

200 3039 287 3071 2⁶5:
315 3040 460 3080 phaleris
482 3041 833 3082 hiepeetorasulqe85
866 3042 930 3072 Hic
952 3047 1063 3080 torque
1097 3040 1210 3070 libellia
1234 3040 1403 3079 primus
1435 3040 1551 3078 equites
1584 3039 1743 3071 Romanos
1772 3041 1891 3072 habuit.
1915 3060 1962 3066 —

198 3100 316 3128 aerato
337 3098 515 3128 &mandat
536 3098 651 3129 bellica
674 3098 767 3129 cossa.
792 3116 838 3122 —
861 3099 1011 3129 &astinem
1033 3102 1062 3128 et
1098 3097 1290 3137 vae-anima]
1327 3097 1369 3128 cf.
1404 3099 1443 3135 1,
1467 3098 1522 3127 46.
1560 3097 1647 3128 Aun.
1676 3100 1714 3136 1,
1750 3099 1803 3129 17.
1828 3099 1882 3130 85.
1914 3117 1960 3123 —

197 3151 326 3196 upon]
359 3154 443 3185 baec
466 3155 635 3194 iungenda
657 3159 751 3193 sunt,
777 3155 898 3195 quibus
921 3155 1062 3186 alterum
1097 3153 1225 3192 saepius
1256 3171 1300 3176 —
1338 3153 1429 3193 raro]
1470 3152 1580 3184 Germ.
1607 3155 1649 3185 22
1685 3164 1763 3185 raro
1797 3156 1958 3192 conviciis,

197 3210 382 3241 membrum
404 3210 540 3242 additur
562 3215 592 3242 et
613 3211 776 3242 avaritia:
799 3211 887 3250 quod
904 3215 941 3242 ut
956 3211 1063 3249 magis
1097 3210 1224 3249 saep-‘m
1248 3209 1354 3247 caede,
1378 3212 1424 3241 42
1445 3220 1525 3241 raro
1547 3210 1646 3241 armis
1670 3211 1808 3250 mse-ix,
1833 3214 1959 3252 saepius

197 3270 374 3306 appareat,
412 3267 565 3298 wolfflin
589 3268 708 3299 scribit
739 3267 804 3298 vel
826 3269 977 3298 avaritia.
1018 3268 1059 3298 cf.
1091 3267 1239 3306 pecunia.
1258 3284 1302 3290 —
1326 3266 1493 3307 Pompeius
1508 3266 1718 3308 Ropinqme]
1743 3268 1784 3299 cf.
1804 3272 1896 3301 e.12.
1913 3288 1958 3293 --

197 3322 286 3352 Anu.
313 3324 367 3362 14,
393 3323 435 3354 1⁶
459 3322 575 3364 imma
597 3327 628 3354 d
648 3324 806 3356 ὁιεεὺισοιι.
846 3324 932 3355 Hist.
959 3326 992 3365 2,
1016 3325 1060 3355 46
1097 3323 1229 3355 Fmoeeio
1251 3322 1416 3364 Capitoni]
1440 3323 1482 3355 cf.
1506 3333 1535 3357 c.
1555 3324 1587 3356 ¹1.
1612 3342 1656 3348 —
1679 3325 1800 3367 aratio]
1825 3327 1956 3367 sedatis,
