2176 3672
632 308 804 356 LIBER
831 311 911 358 111.
972 312 1075 369 Cap.
1108 311 1172 359 78.
1213 314 1278 357 79.
1310 313 1375 358 80.
1409 313 1477 357 81.
1854 311 1937 356 451

162 428 314 479 aucta;
345 424 495 479 volgus
523 425 732 470 urbanum
752 440 872 471 arma
893 428 1017 482 cepit.
1067 428 1214 482 paucis
1233 432 1356 473 scuta
1373 427 1599 480 militaria;
1628 426 1771 481 plures
1790 428 1940 481 raptis,

163 505 275 558 quod
306 506 455 560 cuique
484 505 668 561 obvium,
699 508 796 550 telis
821 507 984 562 signum
1005 521 1172 562 pugnae
1193 512 1437 563 exposcunt.
1468 508 1559 562 agit
1578 512 1723 562 grates
1741 507 1940 550 Vitellius

164 587 209 626 et
238 584 295 626 ad
324 586 527 628 tuendam
557 587 702 630 urbem
733 600 1007 643 prorumpere
1037 588 1167 631 iubet.
1217 601 1312 631 mox
1341 591 1490 632 vocato
1520 592 1672 631 senatu
1693 587 1941 641 deliguntur

159 662 295 717 legati
325 665 380 707 ad
412 666 634 719 exercitus,
666 671 714 710 ut
743 671 965 722 praetexto
995 668 1056 711 rei
1084 669 1279 722 publicae
1309 669 1571 712 concordiam
1593 679 1824 722 pacemque
1844 679 1939 710 sua-

159 743 322 787 derent.
353 746 470 797 varia
500 746 736 801 legatorum
767 760 858 791 sors
887 747 982 791 fuit.
1013 748 1085 802 qui
1115 748 1271 791 Petilio
1303 748 1457 791 Ceriali
1487 750 1771 800 occurrerant,
1801 750 1938 790 extre·
1974 759 1994 788 5

160 835 274 867 mum
304 825 530 868 discrimen
560 827 716 880 adiere,
745 832 1001 883 aspernante
1031 828 1166 871 milite
1197 829 1461 871 condiciones
1503 828 1634 882 pacis,
1694 827 1938 870 volneratur

158 907 332 956 praetor
351 905 562 949 Arulenus
582 908 807 951 Rusticus:
838 908 956 951 auxit
985 909 1186 952 invidiam
1218 921 1347 962 super
1375 908 1580 952 violatum
1611 908 1740 961 legati
1770 910 1938 960 praeto-

158 983 300 1038 risque
329 996 478 1028 nomen
509 987 681 1041 propria
710 988 902 1042 dignatio
931 989 1023 1032 viri.
1083 989 1302 1042 pelluntur
1332 989 1520 1042 comites,
1550 988 1757 1031 occiditur
1796 987 1938 1041 proxi-

157 1064 252 1107 m'us
281 1063 416 1118 lictor,
448 1066 663 1110 dimovere
694 1068 862 1111 turbam
892 1081 1042 1112 ausus:
1074 1073 1117 1112 et
1146 1069 1189 1111 ni
1219 1069 1321 1112 dato
1352 1082 1378 1110 a
1408 1069 1515 1111 duce
1543 1067 1757 1122 praesidio
1777 1067 1939 1110 defensi

155 1143 306 1197 forent,
335 1157 502 1189 sacrum
534 1147 662 1190 etiam
694 1148 807 1191 inter
837 1152 1003 1192 exteras
1023 1152 1172 1203 gentes
1191 1149 1428 1202 legatorum
1449 1148 1516 1191 ius
1538 1152 1635 1191 ante
1656 1148 1750 1201 ipsa
1770 1147 1937 1201 patriae
1953 1159 1993 1189 10

156 1225 322 1268 moenia
351 1226 488 1269 civilis
519 1227 659 1270 rabies
690 1240 821 1283 usque
851 1229 894 1271 in
925 1230 1104 1272 exitium
1148 1232 1415 1272 temerasset.
1476 1228 1745 1282 aequioribus
1785 1226 1936 1269 animis

155 1306 319 1359 accepti
349 1312 460 1360 sunt,
490 1309 561 1362 qui
591 1309 646 1350 ad
678 1308 907 1352 Antonium
938 1312 1152 1362 venerant,
1183 1322 1262 1352 non
1295 1310 1394 1363 quia
1426 1309 1654 1351 modestior
1684 1309 1816 1359 miles,
1861 1307 1935 1350 sed

155 1385 253 1428 duci
272 1386 368 1440 plus
388 1387 670 1431 auctoritatis
729 1389 824 1443 (81)
847 1389 1074 1432 miscuerat
1095 1401 1140 1432 se
1159 1390 1313 1442 legatis
1334 1389 1553 1432 Musonius
1574 1388 1708 1430 Rufus
1729 1387 1935 1441 equestris

154 1465 328 1520 ordiniS,
359 1467 549 1510 studium
580 1468 875 1522 philosophiae
895 1473 939 1512 et
958 1470 1117 1523 placita
1138 1469 1374 1513 Stoicorum
1397 1469 1658 1520 aemulatus;
1690 1467 1935 1521 coeptabat·

155 1556 237 1598 que
256 1547 490 1600 permixtus
508 1548 748 1602 manipulis,
769 1548 879 1592 bona
898 1550 1016 1603 pacis
1037 1562 1087 1593 ac
1107 1549 1207 1592 belli
1229 1549 1473 1592 discrimina
1498 1549 1726 1600 disserens,
1748 1551 1935 1590 armatos
1950 1558 1990 1587 15

153 1637 335 1670 monere.
366 1626 408 1669 id
439 1627 652 1682 plerisque
682 1629 879 1683 ludibrio,
910 1629 1102 1683 pluribus
1133 1630 1302 1683 taedio;
1334 1641 1408 1672 nec
1438 1630 1617 1672 deerant
1652 1628 1725 1681 qui
1765 1626 1934 1681 propel-

154 1705 291 1749 lerent
319 1707 711 1763 proculcarentque,
742 1709 784 1751 ni
814 1709 1035 1753 admonitu
1066 1709 1369 1752 modestissimi
1401 1709 1599 1762 cuiusque
1630 1712 1674 1751 et
1694 1708 1790 1751 aliis
1811 1707 1933 1749 mini-

153 1785 344 1829 tantibus
374 1786 584 1830 omisisset
614 1788 954 1842 intempestivam
985 1790 1253 1843 sapientiam.
1314 1789 1461 1833 obviae
1503 1789 1620 1832 fuere
1660 1792 1705 1830 et
1748 1787 1934 1841 virgines

153 1866 349 1909 Vestales
379 1879 473 1910 cum
516 1868 712 1920 epistulis
754 1869 915 1912 Vitellii
955 1870 1012 1913 ad
1052 1870 1283 1912 Antonium
1323 1869 1504 1923 scriptis.
1565 1868 1691 1911 eximi
1736 1879 1932 1921 supremo

153 1947 375 1990 certamini
410 1960 540 1991 unum
572 1948 685 1992 diem
714 1949 982 2003 postulabat:
1015 1950 1232 1992 simeram
1254 1949 1576 2001 interiecissent,
1605 1948 1771 1991 facilius
1790 1946 1930 1989 omnia
1947 1958 1988 1988 20

152 2031 422 2072 conventura.
466 2030 649 2083 virgines
689 2042 782 2073 cum
825 2030 983 2074 honore
1022 2030 1247 2083 dimissae;
1278 2029 1452 2072 Vitellio
1493 2030 1744 2083 rescriptum
1786 2026 1931 2070 Sabini

262 2146 277 2174 1
305 2145 392 2175 aucti
415 2145 512 2184 (corr.
541 2148 616 2187 lm.)
699 2147 786 2186 rapti
881 2147 900 2176 2
925 2146 1054 2177 uiteuffi
1153 2148 1173 2177 3
1199 2146 1325 2176 uocatis
1350 2149 1464 2176 senato
1490 2143 1532 2188 (is
1555 2145 1589 2174 in
1613 2154 1632 2174 o
1656 2148 1685 2174 et
1709 2154 1728 2174 o
1751 2143 1785 2173 in
1808 2153 1830 2173 u
1853 2146 1927 2174 vniat.

153 2187 229 2233 lm.)
345 2192 366 2220 4
401 2191 460 2224 rei.
485 2201 517 2231 p.
637 2193 655 2222 6
693 2191 829 2223 ’ὄᾱὶοιιοε
854 2190 893 2234 (ti
925 2202 1083 2232 superscr-
1117 2190 1194 2234 3m.)
1241 2186 1262 2194 ⁸
1311 2194 1328 2223 7
1365 2192 1532 2222 arulenius
1648 2192 1668 2221 8
1701 2189 1870 2228 pelluntur
1892 2187 1928 2217 h:

149 2236 303 2274 parentur
326 2237 517 2276 (pulsantur
544 2238 602 2268 Th.
628 2237 802 2279 Kiesalinq)
899 2239 939 2269 10
962 2239 1047 2269 inter
1071 2238 1162 2269 dem:
1187 2238 1226 2268 In
1317 2239 1357 2268 11
1385 2236 1550 2286 εᾳιιίοτίὺί
1663 2237 1703 2266 14
1740 2234 1928 2275 ceptabatq3

153 2295 194 2325 16
217 2293 306 2324 tedio
401 2296 442 2326 19
467 2295 552 2335 epus
576 2305 644 2326 cum
666 2295 723 2327 lin.
739 2295 847 2327 inlate.
873 2297 885 2326 l
970 2289 1089 2334 sufimo
1184 2297 1226 2327 20
1251 2295 1428 2326 certamine
1498 2292 1794 2324 Intlecissecissent
1854 2300 1930 2322 oma

196 2408 249 2439 80.
275 2407 384 2448 volque
407 2409 575 2450 urbanum]
601 2410 696 2441 >Hoc
720 2412 782 2448 est,
806 2410 920 2449 populi
942 2419 1018 2449 pars
1035 2409 1038 2456 J
1055 2409 1219 2441 cicatricis
1236 2409 1435 2440 Vitellianae
1460 2407 1645 2439 convicium
1663 2409 1712 2437 est
1735 2415 1756 2436 a
1779 2406 1925 2443 vulnere,

149 2464 300 2496 tribubus
322 2475 388 2496 non
414 2466 598 2507 descripta·
622 2467 726 2498 tribus
750 2467 838 2498 enim
853 2467 919 2497 iam
943 2471 1036 2498 ante
1034 2467 1143 2523 quod
1168 2466 1279 2497 Tacito
1305 2468 1387 2497 teste
1412 2465 1548 2504 accepit.
1574 2465 1673 2494 Ln’s.
1698 2464 1749 2493 De
1774 2463 1836 2493 hoc
1851 2463 1925 2492 viro

149 2523 193 2561 (c.
219 2522 277 2563 58)
302 2523 430 2554 delectu
454 2523 567 2554 habito
591 2533 683 2554 arma
722 2528 889 2563 ceperant.
931 2524 1036 2564 quod
1054 2523 1171 2553 eximio
1196 2523 1273 2553 vide
1297 2524 1383 2553 Ann.
1413 2524 1463 2560 16,
1489 2523 1543 2553 26.
1569 2523 1648 2560 Agr.
1668 2521 1698 2550 2.
1725 2520 1811 2551 Suet.
1828 2520 1923 2550 Dom.

149 2579 307 2610 hocloco
323 2580 433 2619 vulqus
449 2579 616 2618 urbanum,
642 2581 675 2611 id
692 2581 756 2612 alio
773 2581 820 2623 (1,
840 2582 876 2619 4)
894 2575 1035 2620 plebem
1055 2582 1106 2611 10.
1149 2598 1189 2603 -
1233 2580 1401 2619 proximus
1438 2577 1545 2622 limctm]
1594 2578 1719 2618 primus
1758 2577 1921 2614 lictorum,

148 2636 316 2668 sordidam
348 2638 532 2677 appellavit
564 2638 658 2676 eique
685 2637 805 2678 populi
819 2642 948 2677 partem
971 2638 1017 2668 in-
1034 2633 1035 2652 ³
1052 2640 1234 2668 ceterorum
1267 2636 1410 2676 quinque
1442 2635 1536 2675 quasi
1572 2635 1652 2672 dux,
1689 2634 1743 2672 qui
1774 2633 1922 2672 proxime

146 2697 279 2733 tem-am,
316 2693 349 2724 id
383 2698 441 2732 est,
478 2693 604 2725 tribus«
638 2694 708 2736 (vel
741 2694 792 2725 dic
827 2694 935 2734 potius
960 2686 1129 2740 ho-ffante
1161 2696 1346 2733 praetorem
1380 2692 1634 2732 ingrediebatur.
1678 2690 1744 2722 Cic.
1770 2691 1862 2721 Verr.
1889 2691 1920 2728 ὅ,

147 2751 344 2789 uestiorem,
386 2751 541 2782 tribubus
577 2750 792 2792 adscriptam)
835 2752 1017 2791 »opposust-
1033 2774 1035 2804 4
1055 2752 1129 2781 142.
1155 2751 1229 2781 Liv.
1249 2753 1302 2788 24,
1323 2751 1379 2789 44,
1400 2751 1452 2780 10.
1474 2767 1515 2773 —-
1542 2758 1670 2780 sacrum
1688 2766 1730 2771 --
1747 2748 1921 2785 leqatorum

147 2807 383 2838 confirmantur
418 2807 471 2838 his
504 2808 604 2845 locis,
641 2817 724 2847 quae
759 2809 799 2838 ad
831 2818 858 2839 c.
898 2810 940 2840 58
978 2809 1018 2839 de
1034 2807 1035 2840 Ῑ
1052 2807 1113 2847 im]
1132 2808 1172 2838 cf.
1193 2809 1279 2837 Ann.
1299 2809 1330 2847 1,
1348 2807 1390 2837 39
1416 2807 1452 2836 ni
1473 2806 1627 2846 aquilifer
1643 2804 1837 2844 Calpurnius
1858 2804 1922 2834 vim

146 2862 300 2895 tribubus
324 2865 495 2905 exposui<
520 2865 666 2896 Rrr'rsn.
706 2882 747 2888 --
784 2865 899 2904 raptis,
934 2865 1020 2904 quod
1034 2858 1035 2887 i
1053 2868 1222 2895 extremam
1245 2864 1411 2901 arcuisset,
1448 2874 1560 2894 rarum
1584 2863 1678 2894 etiam
1703 2862 1785 2892 inter
1807 2862 1920 2900 hostes,

148 2919 259 2960 cuique
298 2921 441 2960 obm'um,
479 2920 560 2965 teliu]
605 2923 675 2953 sine
715 2931 813 2952 causa
850 2921 1017 2959 Heinsius,
1034 2946 1035 2967 χ
1050 2921 1173 2959 legatus
1209 2920 1323 2960 populi
1360 2921 1499 2951 Romani
1537 2920 1686 2950 Romanis
1732 2919 1766 2949 iu
1806 2918 1922 2948 castris

147 2976 306 3016 probante
320 2979 488 3011 Ernestio:
511 2980 626 3019 raptis,
652 2980 738 3018 quod
761 2980 871 3018 cuique
893 2978 1035 3010 obvium
1053 2978 1206 3017 sanquine
1243 2987 1299 3008 suo
1332 2978 1458 3008 altaria
1494 2977 1585 3008 deum
1620 2974 1922 3007 commaculam‘ssec.

145 3033 268 3063 teli.—
284 3033 445 3066 Andemu
461 3034 623 3079 Rusticus]
649 3037 735 3067 haud
751 3037 883 3067 aliunde
910 3037 1016 3067 lucem
1032 3028 1034 3052 Γ
1052 3045 1080 3066 c.
1105 3036 1147 3065 42
1174 3035 1307 3065 hostium
1332 3043 1454 3073 quoque
1487 3034 1536 3064 ius
1571 3039 1600 3064 et
1633 3043 1730 3063 sacra
1753 3031 1921 3071 leyationiae

146 3089 257 3121 Plinio
290 3090 361 3122 sive
392 3092 436 3123 Μ.
461 3093 588 3132 Regulo
624 3094 732 3133 potius
765 3093 895 3124 dederis
928 3093 1015 3132 apud
1032 3126 1033 3132 ἵ
1051 3096 1080 3122 σε
1100 3092 1156 3129 fas
1178 3092 1313 3130 yemium
1336 3091 1476 3130 rupistis.

146 3145 291 3177 Plinium
313 3147 399 3188 Epp.
419 3150 449 3187 1,
473 3151 515 3180 5:
539 3149 663 3181 Rustici
684 3150 823 3181 Aruleni
835 3149 1016 3189 periculum
1098 3150 1151 3179 81.
1187 3149 1351 3179 Musonius
1379 3145 1490 3189 Rufus]
1523 3147 1562 3177 dc
1586 3156 1650 3185 quo
1674 3147 1759 3177 Anu.
1790 3147 1842 3185 14,
1868 3147 1920 3176 59.

138 3202 283 3243 foverat,
308 3204 505 3236 exaltaverat
519 3212 627 3246 morte,
652 3208 734 3238 adeo
757 3207 922 3238 utlibrum
937 3206 1015 3236 reci-
1057 3207 1105 3243 15,
1134 3206 1187 3236 71.
1229 3205 1313 3235 Hist.
1340 3206 1372 3241 4,
1410 3206 1460 3235 10.
1485 3205 1538 3235 40.
1578 3203 1662 3235 Plin.
1698 3203 1782 3242 Epp.
1809 3205 1839 3240 3,
1867 3204 1919 3232 11.

145 3263 229 3291 ‘⁰⁷⁶²
245 3259 493 3303 fflfssardque,
517 3264 551 3294 in
574 3274 636 3303 quo
659 3264 820 3296 Rusticum
842 3265 1033 3294 insectatur,
1060 3261 1253 3293 Wendland:
1277 3261 1491 3301 Quaestiones
1516 3260 1739 3291 Musonianae.
1776 3259 1826 3290 De
1849 3258 1920 3289 Mu-

145 3320 239 3355 atque
253 3317 348 3348 ettam
372 3318 448 3349 Sto
460 3319 625 3351 icarum
649 3331 663 3351 ε
675 3321 825 3352 imiam
848 3320 1014 3361 appellat;
1051 3319 1143 3350 sonio
1162 3319 1269 3350 Stoico
1287 3317 1466 3349 Clementis
1483 3316 1700 3348 Alexandrini
1718 3316 1919 3355 aliorumque

1050 3380 1191 3407 niu-iore.
1240 3376 1361 3413 Berlin,
1396 3375 1508 3415 Meyer
1530 3378 1561 3405 et
1586 3374 1714 3412 Muller,
1740 3373 1839 3405 1886.
1874 3389 1918 3394 —

1060 3431 1208 3476 Vestales]
1236 3435 1294 3463 cfr.
1321 3434 1408 3463 Suet.
1435 3432 1498 3462 vit.
1529 3433 1579 3462 16.
1604 3448 1646 3453 -
1670 3428 1830 3471 dib-mpla
1847 3427 1920 3460 belli

145 3373 245 3403 acl-ivi!
290 3373 539 3406 Vitelliana
579 3377 800 3408 cicatrice
840 3379 1013 3417 stiymo·

146 3439 240 3460 sum.
309 3432 455 3471 agnoscis
508 3433 718 3472 eloquentiam
767 3435 887 3474 Bequli.
954 3435 1013 3464 hoc
