2176 3672
1848 241 1930 284 VII

161 366 322 433 rursus
361 379 588 442 originem
613 377 716 441 ejus
741 374 942 425 nominis
970 390 1074 422 esse
1103 372 1406 422 Theotiseam
1432 372 1568 420 docte
1595 376 1642 420 et
1667 372 1928 435 diligenter,

142 471 547 533 ,sed-‘vereor-ne
583 460 756 514 frustra
792 465 989 529 probare
1029 463 1200 510 studet.

269 594 316 641 p.
361 577 440 638 10,
479 592 526 639 p.
565 591 607 623 a.
647 573 678 620 l.
720 573 784 620 20
824 571 967 620 adde:
1018 570 1074 618 ef.
1114 568 1458 617 Miillenhoff
1487 569 1547 616 D.
1587 569 1646 616 A.
1687 585 1732 632 p.
1775 571 1856 616 43.

268 700 315 748 p.
360 685 439 731 12.
478 698 524 746 p.
564 698 606 730 a.
644 680 676 727 1.
719 681 800 726 38.
879 678 950 727 Cf.
990 677 1166 738 Hehn,
1211 675 1605 739 Kulturpflanzen
1641 677 1738 724 und
1773 675 1931 723 Haus-

160 772 324 835 thiere,
356 789 402 836 p.
434 772 550 832 376,
590 786 681 833 quo
707 769 810 817 1000
838 768 895 816 de
920 766 1161 815 vocabulis
1189 765 1471 827 Theotiseis,
1513 765 1682 828 quibus
1707 766 1928 813 arborum

159 861 314 910 insitio
353 860 654 924 significatur,
694 862 910 906 accurate
951 855 1186 904 disseruit.

267 985 314 1033 p.
352 968 412 1015 13
451 967 483 1014 1.
526 968 553 1013 3
594 965 714 1013 infra
749 965 780 1011 1.
823 971 995 1030 ὁμοιως.

266 1092 312 1139 p.
358 1076 418 1122 13
458 1090 503 1137 p.
542 1090 584 1121 a.
623 1073 654 1120 l.
685 1074 712 1119 6
753 1070 893 1120 adde:
934 1067 1244 1116 Locutionem
1280 1067 1428 1116 haud
1466 1067 1698 1131 perinde
1735 1085 1929 1132 prorsus

161 1163 295 1213 aliter
312 1163 643 1226 interpretatus
665 1164 736 1208 est
755 1158 868 1207 Leo
888 1157 1077 1219 Meier,
1100 1156 1310 1204 similiter
1330 1162 1470 1220 atque
1487 1157 1648 1220 Orelli,
1670 1162 1828 1205 tamen
1842 1157 1935 1206 alia

163 1251 387 1316 supplens
414 1249 694 1313 cogitatione
723 1248 933 1309 Christ,
975 1247 1055 1310 qui
1086 1246 1243 1294 locum
1268 1246 1444 1294 Justini
1469 1246 1535 1309 II,
1568 1248 1595 1294 2
1626 1247 1930 1310 comparavit:

161 1356 347 1390 aurum
385 1344 436 1387 et
471 1341 758 1402 argentum
784 1337 1027 1400 (Scythae)
1068 1353 1175 1384 non
1212 1336 1440 1400 perinde
1467 1353 1529 1384 ae
1554 1335 1759 1399 reliqui
1786 1353 1932 1384 mor-

160 1427 303 1476 tales
341 1427 632 1492 adpetunt.

266 1563 312 1611 p.
357 1547 418 1594 15
457 1563 503 1611 p.
544 1563 586 1594 a.
624 1546 655 1593 l.
687 1548 715 1593 8
754 1546 785 1593 1.
825 1545 1062 1610 galeae.
1112 1545 1186 1592 De
1226 1545 1359 1608 equis
1397 1544 1576 1592 iuvabit
1612 1543 1769 1607 legere
1809 1561 1931 1607 quae

159 1635 302 1684 Hehn
337 1636 387 1683 in
420 1635 539 1684 libro
576 1635 715 1684 modo
751 1635 940 1684 laudato
977 1639 1196 1683 accurate
1234 1639 1282 1682 et
1318 1634 1524 1682 suaviter
1562 1634 1761 1698 scripsit.

268 1743 300 1791 l.
343 1744 404 1791 31
446 1743 551 1807 lege
589 1742 975 1792 Marabathus.

266 1862 345 1910 Ad
392 1861 548 1911 locum
598 1880 637 1910 0.
680 1864 734 1910 6:
788 1878 985 1926 eoque
1035 1861 1214 1909 mixti
1253 1865 1341 1908 eto.
1389 1859 1446 1908 of.
1500 1877 1620 1923 quae
1659 1859 1716 1907 L.
1756 1860 1935 1908 Meier

162 1950 234 2015 (Z.
284 1951 316 1999 f.
364 1952 408 1999 d.
447 1952 559 2014 Ph.)
605 1952 838 2000 disseruit.
918 1951 1009 2009 Qui
1059 1950 1185 2014 quod
1239 1949 1439 1998 affirmat
1488 1949 1792 2013 grammatica
1833 1949 1934 2012 jam
2030 1978 2034 1982 ·

160 2040 338 2088 ratione
390 2047 693 2089 centenos
743 2041 1011 2089 necessario
1058 2040 1118 2088 ad
1157 2039 1282 2087 solos
1320 2039 1501 2102 pedites
1541 2039 1711 2086 debere
1751 2038 1928 2100 referri,

161 2142 326 2174 vereor
362 2143 421 2173 ne
460 2130 641 2174 acutius
679 2145 818 2189 quam
857 2129 1013 2174 verius
1050 2128 1149 2183 hoo¹
1181 2132 1370 2175 statuat.

268 2249 312 2295 p.
356 2233 437 2280 20.
476 2233 549 2281 De
587 2233 851 2281 Wodani
887 2233 1077 2281 nomine
1117 2233 1174 2280 ef.
1216 2233 1483 2295 Zimmer,
1523 2233 1574 2281 Z.
1616 2233 1646 2280 f.
1687 2233 1732 2281 d.
1768 2235 1931 2281 A.v19

160 2337 207 2384 p.
251 2322 348 2368 164
389 2337 491 2385 sqq.

267 2456 313 2504 p.
338 2441 419 2488 21.
452 2440 525 2488 De
545 2441 671 2489 Iside
691 2440 738 2488 h.
761 2441 792 2488 l.
814 2446 1071 2490 memorata
1091 2441 1149 2489 ef.
1172 2441 1210 2489 I.
1235 2441 1547 2503 Grantrelle,
1578 2442 1932 2490 Contributions

163 2530 191 2576 a
225 2528 273 2577 la
298 2529 491 2593 critique
531 2535 576 2578 et
614 2532 642 2578 a
666 2530 984 2594 l’explioation
1011 2531 1068 2578 de
1097 2531 1275 2579 Tacite.
1316 2531 1451 2579 Paris
1483 2532 1632 2578 1875.
1674 2531 1932 2594 Postquam

162 2616 233 2665 vir
270 2618 435 2666 doetus
473 2624 688 2668 accurate
725 2619 881 2667 locum
919 2620 1149 2683 tractavit,
1190 2621 1261 2667 his
1301 2621 1455 2668 verbis
1494 2637 1538 2684 p.
1571 2622 1634 2667 65
1669 2620 1932 2668 disserendi

163 2706 302 2754 finem
320 2706 444 2755 facit.
484 2707 617 2757 Nous
640 2725 837 2772 eroyons
857 2709 1054 2773 pouvoir
1074 2709 1290 2757 conclure
1313 2710 1369 2757 de
1390 2715 1522 2756 notre
1545 2709 1714 2757 double
1737 2709 1931 2757 demon-

164 2795 374 2858 stration,
414 2813 504 2859 que
541 2797 611 2845 les
638 2798 816 2846 Sueves
855 2798 1117 2845 mentiones
1145 2798 1262 2846 dans
1298 2798 1638 2861 l'Agrioola
1675 2798 1933 2846 habitaient

163 2887 192 2932 a
215 2884 561 2934 l'embouohure
582 2887 639 2935 de
659 2887 883 2949 l’Esoaut‚
914 2893 959 2934 et
969 2903 1074 2949 ,que
1096 2887 1210 2934 e'est
1236 2890 1261 2935 a
1284 2903 1390 2948 eux,
1419 2903 1509 2950 que
1530 2887 1713 2950 pensait
1735 2887 1928 2934 Tacitus

163 2990 223 3022 en
259 2974 414 3022 disant
450 2975 566 3023 dans
602 2975 649 3024 la
676 2976 943 3037 Germanie,
984 2976 1154 3038 qu'une
1192 2977 1341 3039 partie
1379 2976 1462 3024 des
1496 2976 1674 3024 Sueves
1714 2976 1931 3024 saerifiait

162 3066 190 3111 ὲ
225 3063 353 3126 Isis,
395 3064 683 3114 e'est-a-dire
722 3068 750 3114 ἐι
786 3066 832 3114 la
871 3066 1034 3113 deesse
1074 3065 1376 3128 germanique
1414 3064 1784 3113 Nehalennia.

268 3183 340 3232 De
365 3183 469 3232 1000
497 3201 535 3232 0.
568 3186 611 3231 9.
654 3190 927 3232 ceterum
966 3200 1079 3232 neo
1119 3184 1418 3232 cohibere
1457 3189 1544 3231 eto.
1574 3199 1764 3246 prorsus
1790 3182 1926 3231 alitor

165 3271 304 3319 sentit
340 3273 451 3321 Leo
489 3273 680 3336 Meier⁷
721 3274 771 3321 Z.
812 3274 842 3320 f.
884 3274 926 3320 d.
958 3273 1043 3320 Ph.
1073 3273 1156 3333 IV,
1197 3290 1241 3336 p.
1278 3274 1373 3319 184
1415 3288 1516 3335 sqq.
1558 3272 1633 3319 oui
1671 3278 1721 3330 ut
1762 3286 1924 3318 assen-

165 3358 251 3407 tiar
287 3376 315 3408 a
350 3378 424 3409 me
460 3378 554 3410 non
591 3362 803 3425 impetro.
