2176 3672
800 297 973 342 Lmnn
1001 298 1080 342 111.
1140 298 1243 354 cap.
1275 299 1350 343 30.
1378 299 1448 343 31.
1927 299 2012 342 413

235 412 561 458 Vitellianorum
605 411 746 456 animi.
816 416 866 456 ut
903 413 1001 467 quis
1038 413 1187 457 ordine
1237 413 1431 458 anteibat
1444 446 1455 466 ‚
1505 414 1655 457 cedere
1692 412 1911 466 fortunae,
1959 426 2013 456 ne

235 492 448 553 Cremona
471 504 639 549 quoque
665 491 808 536 excisa
835 492 954 536 nulla
982 492 1099 536 ultra
1139 494 1262 537 venia
1301 494 1520 548 omnisque
1557 494 1625 536 ira
1653 493 1826 537 victoris
1854 505 1936 536 non
1967 494 2010 536 in

197 622 205 627 ‚
233 558 385 628 volgus
398 558 536 626 'inops
566 572 643 615 sed
671 572 715 615 in
745 572 938 616 tribunos
977 573 1339 628 centurionesque,
1378 573 1452 617 ubi
1491 573 1677 628 pretium
1718 573 1863 617 caedis
1903 580 2010 627 erat,

235 657 534 696 reverteretur.
593 653 818 707 gregarius
859 653 982 696 miles
1022 652 1157 696 futuri
1199 666 1342 697 socors
1380 659 1425 697 et
1454 653 1723 709 ignobilitate
1752 654 1888 697 tutior
1914 667 2011 709 per-

233 733 392 778 stabat.
452 733 551 788 vagi
579 745 657 788 per
686 734 792 787 vias,
821 734 864 776 in
896 733 1091 776 domibus
1121 733 1272 786 abditi,
1312 745 1459 788 pacem
1499 746 1553 777 ne
1593 738 1683 777 tum
1714 734 1885 787 quidem
1915 747 2010 778 ora-
2049 752 2068 782 5

233 813 352 866 bant,
382 825 476 857 cum
499 812 654 856 bellum
684 813 938 867 posuissent.
969 813 1176 867 primores
1207 817 1444 857 castrorum
1474 826 1624 857 nomen
1654 818 1784 868 atque
1803 814 2011 869 imagines

231 892 397 937 Vitellii
438 893 712 937 amoliuntur.
770 884 942 938 catenas
980 893 1187 937 Caecinae
1225 895 1341 948 (nam
1382 895 1511 937 etiam
1552 898 1656 938 tunc
1692 895 1860 938 vinctus
1900 896 2012 948 erat)

231 972 455 1018 exsolvunt
482 977 702 1028 orantque,
743 978 793 1017 ut
833 986 987 1017 causae
1025 987 1128 1017 suae
1171 974 1422 1028 deprecator
1451 975 1649 1017 adsistat.
1710 978 2009 1028 aspernantem

233 1057 547 1108 tumentemque
576 1053 762 1097 lacrimis
800 1053 1000 1108 fatigant,
1040 1058 1272 1097 extremum
1313 1054 1533 1108 malorum,
1574 1059 1640 1097 tot
1675 1054 1900 1098 fortissimi
1928 1055 2011 1097 viri

230 1134 464 1188 proditoris
493 1146 615 1188 opem
648 1134 906 1178 invocantes.
951 1147 1046 1177 mox
1075 1134 1315 1177 velamenta
1344 1138 1388 1177 et
1417 1133 1574 1177 infulas
1601 1147 1679 1188 pro
1708 1135 1842 1178 muris
1868 1139 2009 1178 osten·
2025 1153 2066 1183 10

230 1218 341 1258 tant.
397 1227 494 1258 cum
524 1214 733 1258 Antonius
762 1214 946 1270 inhiberi
984 1214 1074 1257 tela
1111 1214 1322 1267 iussisset,
1364 1215 1489 1269 signa
1518 1214 1767 1268 aquilasque
1797 1213 2009 1257 extulere:

229 1298 440 1338 maestum
469 1294 692 1337 inermium
723 1307 874 1350 agmen
905 1295 1083 1338 deiectis
1114 1295 1157 1337 in
1188 1301 1347 1338 terram
1368 1295 1504 1338 oculis
1524 1295 1792 1349 sequebatur.
1834 1295 2008 1338 circum-

231 1375 438 1419 stiterant
467 1375 651 1418 victores
680 1380 725 1418 et
753 1376 891 1430 primo
921 1375 1172 1429 ingerebant
1212 1375 1384 1430 probra,
1423 1375 1694 1419 intentabant
1722 1376 1860 1418 ictus:
1900 1387 2007 1426 mox,

228 1458 279 1497 ut
308 1454 505 1508 praeberi
534 1467 610 1497 ora
639 1455 906 1512 contumeliis
947 1460 992 1498 et
1030 1455 1175 1509 posita
1216 1455 1330 1498 omni
1367 1453 1527 1498 ferocia
1557 1459 1709 1499 cuncta
1738 1455 1841 1498 victi
1870 1455 2007 1509 patie-

228 1533 398 1587 bantur,
428 1534 545 1578 subit
574 1535 813 1578 recordatio
843 1535 939 1578 illos
968 1547 1074 1588 esse,
1104 1535 1177 1589 qui
1207 1548 1343 1589 nuper
1376 1535 1575 1578 Bedriaci
1604 1535 1808 1578 victoriae
1847 1539 2006 1588 tempe·
2021 1550 2063 1580 15

1077 1710 1098 1739 4
1122 1707 1217 1738 miles
1251 1706 1310 1738 sed
1329 1717 1362 1738 m
1387 1717 1471 1738 corr.
1495 1717 1536 1738 ex
1570 1707 1626 1746 qui
1654 1710 1703 1738 lm
1793 1708 1929 1738 tututior
1952 1707 2010 1738 sed

1186 1755 1205 1785 6
1230 1753 1415 1794 potuissent
1438 1751 1469 1796 (s
1494 1763 1590 1793 super
1613 1758 1627 1783 t
1651 1763 1712 1784 ser.
1737 1751 1812 1796 2m.)
1886 1755 1904 1784 '1
1930 1754 2007 1784 etiia

1298 1801 1319 1831 8
1343 1799 1500 1839 del-›cator
1594 1801 1612 1830 9
1639 1803 1674 1830 tu
1710 1797 1812 1840 ffiteq3
1890 1799 2007 1838 fatigat

368 1710 386 1739 1
412 1710 487 1738 ante
510 1707 603 1739 ibant
697 1710 717 1740 3
741 1707 843 1739 Inobs

222 1764 278 1794 pr.
303 1756 340 1784 tu
364 1753 424 1784 ael.
456 1756 505 1784 lm
597 1756 617 1786 5
643 1752 741 1796 uias}
797 1754 843 1794 in]
882 1764 949 1785 non
974 1754 1092 1785 Μαίων

229 1797 303 1841 (aie)
370 1799 464 1830 habet
486 1803 564 1830 tunc
598 1804 632 1830 ut
662 1800 710 1831 ed.
732 1800 850 1839 princ..
885 1809 949 1830 non
972 1803 1042 1830 tum
1111 1802 1205 1830 erant

227 1849 265 1885 (11
288 1855 446 1885 nuper-aer.
474 1845 550 1887 lm.)
644 1847 686 1878 15
710 1845 813 1877 subiit
829 1845 1015 1886 Nipperdey

899 1709 984 1748 *ptiu

276 2018 330 2048 ³1.
353 2025 393 2047 ne
418 2015 573 2047 Cremona
606 2026 727 2055 quoque
751 2015 874 2061 excisa]
909 2017 937 2049 si
970 2020 1100 2057 praeter
1134 2016 1295 2054 attribuit,
1331 2016 1390 2047 sed
1413 2018 1556 2046 mentem
1579 2016 1707 2047 habens
1742 2017 1777 2047 in
1800 2016 1918 2046 militia
1940 2016 2005 2046 Ro·

227 2073 461 2105 amoenissima
483 2077 576 2104 extra
609 2074 726 2105 urbem
761 2074 912 2105 aedificia
936 2074 1098 2106 Cremona
1133 2083 1248 2104 mana:
1273 2083 1375 2104 aurea
1391 2072 1513 2103 clarum
1527 2076 1605 2104 nota
1621 2073 1743 2104 Nomen
1757 2072 1870 2103 ducum
1885 2073 2005 2104 vexilla

228 2139 359 2170 quoque
382 2130 556 2162 interisset.
582 2147 625 2152 —
648 2130 705 2161 ubi
718 2131 859 2170 pretium
883 2131 991 2162 caedis
1014 2131 1096 2170 erat]
1126 2130 1366 2171 praescriptum
1379 2130 1505 2169 serunt,
1550 2129 1694 2168 facitque
1725 2130 1853 2161 litteras
1876 2139 2003 2168 aureas,

228 2187 348 2227 partim
371 2190 505 2227 propter
528 2187 696 2227 praedam,
720 2189 850 2227 partim,
883 2191 918 2218 ut
941 2187 1005 2217 viri
1029 2197 1096 2217 ma·
1132 2197 1213 2227 quas
1230 2188 1295 2218 Dio
1320 2188 1486 2227 puniceas.
1512 2187 1576 2217 huc
1594 2186 1742 2217 Suetonii
1763 2187 1846 2217 illud
1863 2187 2005 2226 pertinet

226 2244 314 2275 xime
338 2244 484 2283 insignes
514 2254 533 2275 e
556 2244 664 2275 medio
697 2245 898 2276 tollerentur.
924 2262 967 2267 —
991 2253 1097 2275 mer-
1132 2245 1230 2284 Vesp.
1266 2246 1305 2276 6:
1349 2253 1461 2275 nomen
1496 2245 1564 2275 eiu-s
1597 2244 1723 2274 voa-azia
1754 2242 1896 2275 omnibus
1935 2243 2003 2273 eine

226 2299 358 2344 tuetur]
385 2301 455 2332 sine
475 2310 574 2332 causa
586 2302 743 2339 Muretus,
760 2302 910 2340 Ursinus,
927 2301 1096 2332 Acidalius
1130 2311 1222 2333 mora
1243 2301 1485 2340 imm-ipserum.
1509 2291 1587 2332 item
1601 2300 1770 2331 Prudentii
1785 2301 1825 2331 de
1839 2300 2002 2332 Constan-

227 2358 397 2389 malebant
409 2358 579 2397 vulgarius
592 2362 782 2394 ver-tereturz
808 2358 891 2390 illud
907 2357 1096 2397 estavul90
1130 2359 1211 2398 tino,
1242 2358 1277 2388 111
1303 2359 1424 2398 Symm.
1450 2360 1481 2396 1,
1513 2360 1601 2390 488:
1635 2355 1779 2388 Onnum
1805 2367 2003 2397 purpuram

226 2419 314 2446 retro
336 2418 520 2446 ver-teretur.
545 2433 588 2439 —-
612 2416 690 2454 vaqi
705 2426 767 2455 per
790 2416 872 2453 vias,
895 2415 930 2446 in
952 2414 1095 2446 domibus
1128 2420 1282 2455 gemmato
1297 2419 1402 2446 tenus
1416 2415 1451 2446 in
1473 2425 1555 2446 auro
1573 2414 1730 2454 Siqnabat
1751 2413 1910 2453 labarum,
1936 2415 2002 2454 cly-

227 2470 343 2516 abditt‘]
370 2481 486 2503 sensus
510 2472 720 2510 negationem
744 2473 852 2512 potius
876 2472 1023 2511 flagitare
1046 2472 1094 2501 vi·
1124 2483 1256 2512 paor-um
1278 2472 1418 2511 msiymzz
1442 2471 1585 2503 Christus
1610 2471 1802 2512 soriguer-at.
1837 2471 1892 2510 qui
1918 2471 2002 2502 bene

228 2529 340 2560 detur:
378 2529 519 2568 gregarii
542 2528 663 2560 milites
688 2529 792 2560 securi
816 2539 874 2569 per
898 2529 971 2559 vias
995 2539 1094 2568 vaga·
1130 2530 1221 2560 addit
1245 2530 1285 2560 de
1310 2529 1425 2568 clipeis
1449 2529 1519 2559 sive
1544 2529 1668 2560 scutis:
1700 2538 1776 2559 nam
1801 2532 1832 2559 et
1855 2529 1936 2568 illic,
1965 2533 2001 2560 ut

227 2586 358 2626 bantur,
381 2595 448 2617 non
472 2586 591 2625 trepidi
615 2586 767 2617 domibus
801 2596 835 2617 se
869 2586 1034 2617 abdebant
1056 2596 1095 2617 ac

226 2653 268 2674 ne
291 2646 360 2673 tum
384 2643 516 2682 quidem
540 2642 679 2673 orabant
711 2652 836 2683 pacem,
874 2653 948 2674 cum
971 2643 1094 2674 bellare

227 2700 440 2731 destitissent.
489 2700 697 2730 scribendum
733 2699 831 2739 igitur
867 2700 999 2731 videtur
1031 2709 1095 2731 non

226 2756 368 2789 domam
393 2755 463 2800 (vel
486 2766 551 2788 non
573 2757 608 2787 in
623 2756 780 2798 domibus)
802 2757 913 2788 abditi.
939 2758 1095 2796 vulgatae

227 2815 410 2854 scripturae
432 2814 540 2845 minus
564 2818 642 2853 apta
666 2813 827 2845 sententia
851 2819 919 2845 est:
943 2815 1019 2854 vagi
1037 2824 1095 2853 per

226 2872 300 2902 viae
323 2875 380 2902 aut
403 2872 436 2902 in
462 2870 614 2902 domibus
638 2870 740 2901 abditi
757 2874 818 2902 etc.
843 2872 884 2902 cf.
901 2872 986 2902 Ann.
1006 2875 1034 2909 1,
1050 2872 1092 2902 39

225 2926 1094 2972 noaevaqiperm'ae.—nomenatqueimaqine⁸]

228 2995 347 3016 nomen
380 2985 449 3017 eius
486 2985 519 3016 in
558 2986 672 3024 signis.
721 2994 793 3016 mos
827 2987 915 3017 enim
951 2986 1025 3023 ille,
1060 2990 1094 3016 ut

228 3042 434 3081 imperatoris
458 3042 509 3073 sui
534 3052 654 3073 nomeu
680 3045 712 3072 et
734 3042 866 3073 vexillis
879 3042 1094 3073 inscriberent

228 3102 261 3129 et
283 3099 394 3129 acutis.
443 3099 531 3138 quod
562 3100 659 3130 etiam
692 3099 725 3129 111
759 3098 862 3130 libera
893 3109 927 3130 re
962 3099 1094 3138 publica

228 3155 326 3185 video
350 3154 541 3187 factitatum.
585 3156 650 3187 Dio
674 3157 716 3187 do
739 3146 861 3187 Crasso
897 3156 930 3186 111
955 3156 1093 3187 Parthos

228 3216 379 3243 movente
403 3214 458 3249 40,
481 3214 541 3244 18:
570 3215 709 3254 σημεῖον
733 3211 773 3246 δέ
795 3223 827 3246 τι
849 3213 916 3246 τῶν
941 3210 1093 3254 μεγάλων

227 3265 294 3300 τῶν
317 3270 389 3306 τοῖς
422 3268 541 3306 ἱστίοις
564 3266 723 3302 ἐοικότων
748 3268 806 3302 καὶ
830 3269 963 3311 φοινικᾶ
986 3267 1091 3311 γράμ-
1110 3301 1112 3327 i

1130 2586 1210 2626 dixi,
1223 2585 1457 2617 inscribebant.
1471 2584 1692 2624 Quintilianus
1704 2595 1765 2625 pro
1777 2585 1880 2617 milite
1895 2595 1920 2616 c.
1937 2589 1977 2618 12
1990 2597 1999 2617 τ

1129 2644 1315 2683 {vuer-mmm
1337 2643 1371 2673 in
1395 2647 1482 2673 acido
1515 2641 1548 2672 0.
1574 2642 1680 2672 Marii
1698 2652 1818 2672 nomen.
1855 2642 1919 2673 Dio
1944 2644 2000 2681 42,

1133 2703 1173 2732 15
1209 2701 1400 2731 Marcellum
1435 2699 1483 2729 ait
1518 2708 1638 2729 nomen
1671 2699 1828 2738 Pompeii,
1865 2709 1939 2730 cum
1966 2701 1999 2730 id

1130 2757 1231 2788 scutis
1256 2757 1322 2787 suis
1346 2756 1466 2787 milites
1489 2755 1717 2793 inscriberent,
1742 2756 1917 2796 delevisse,
1951 2757 1998 2788 nti

1129 2815 1254 2846 scilicet
1277 2814 1437 2844 fautorem
1462 2822 1497 2843 se
1522 2811 1656 2843 Caesari
1681 2813 1877 2844 ostenderet.
1912 2813 1999 2845 idem

1131 2873 1184 2910 50,
1210 2873 1229 2902 5
1266 2873 1358 2900 notat
1381 2870 1548 2900 Romanos
1577 2869 1696 2900 milites
1721 2868 1916 2909 Cleopatrae
1940 2880 1997 2900 no-

1130 2938 1204 2959 men
1242 2928 1344 2958 scutis
1378 2925 1603 2965 inscripsisse,
1648 2926 1741 2964 quasi
1778 2927 1997 2966 imperatoris.

1132 2985 1224 3015 L1Ps.
1250 2984 1290 3014 de
1315 2982 1503 3014 nominibus
1527 2982 1612 3012 adde
1635 2982 1721 3013 Hist.
1748 2983 1779 3020 2,
1805 2984 1856 3013 8⁶.
1883 2986 1915 3022 3,
1943 2986 1996 3015 13.

1130 3042 1215 3072 Ean.
1231 3059 1273 3064 —
1286 3038 1459 3082 menum]
1484 3038 1639 3078 superbia
1653 3039 1802 3070 inflatum
1819 3050 1996 3081 eorumque

1130 3107 1242 3137 preces
1266 3099 1509 3137 aspernantem.
1536 3113 1578 3118 —
1603 3094 1794 3140 mamm]
1812 3098 1996 3137 supplicum

1129 3155 1202 3185 ritu.
1238 3154 1282 3185 cf.
1309 3157 1340 3192 1,
1366 3155 1419 3185 66.
1447 3171 1489 3176 —
1514 3153 1608 3192 siqua
1631 3154 1822 3193 aquilasque
1844 3153 1994 3197 extulere]

1129 3211 1255 3242 scilicet
1289 3211 1330 3241 ad
1355 3210 1544 3241 Antonium.
1594 3211 1733 3242 honesta
1767 3211 1889 3242 deditio
1922 3222 1995 3242 cum

1130 3267 1232 3308 siguis
1257 3267 1367 3305 fiebat,
1392 3276 1474 3306 quae
1498 3267 1549 3297 his
1573 3268 1772 3298 auferuntur.
1799 3269 1936 3300 Dumm.
1954 3286 1994 3292 --

229 3334 321 3366 μαῖα
344 3321 395 3357 ἐπ’
411 3320 523 3367 αὐτῆς
537 3322 621 3366 πρὸς
637 3324 788 3367 δήλωσιν
811 3326 870 3360 τοῦ
894 3337 931 3359 τε
950 3324 1093 3367 στρατοῦ
1109 3328 1113 3377 j
1128 3330 1162 3355 ut
1191 3323 1344 3364 praeberi
1374 3324 1446 3364 cet]
1479 3324 1607 3354 variata
1640 3325 1878 3357 constructione
1913 3326 1995 3356 inter

228 3379 288 3413 καὶ
309 3380 370 3414 τοῦ
407 3381 598 3424 στρατηγοῦ
625 3381 722 3424 σφῶν
758 3382 817 3416 τοῦ
844 3379 1094 3424 αὐτοκράτορος
1109 3382 1113 3441 j
1129 3381 1244 3412 influit.
1271 3380 1384 3411 histor.
1410 3384 1443 3411 et
1465 3384 1592 3421 tempus
1616 3381 1753 3421 finitum,
1778 3387 1814 3413 111
1838 3383 1924 3413 Anu.
1942 3383 1993 3420 18,

229 3434 384 3480 ἐχόντων.
408 3437 532 3469 Seneca
548 3439 720 3471 Phoeniss.
756 3442 822 3472 399
848 3440 944 3470 etiam
959 3439 1093 3470 Graecis
1109 3442 1112 3469 l
1130 3440 1191 3469 61:
1211 3442 1340 3477 poet—
1353 3437 1409 3468 uba·
1430 3437 1524 3476 quati
1543 3442 1651 3469 utem
1674 3443 1703 3469 et
1726 3438 1849 3469 viscera
1867 3437 1994 3468 vibran-
