2176 3672
122 1692 124 1695 .
177 1668 220 1699 10
242 1666 334 1698 ruere
356 1667 419 1698 alii

799 258 971 304 LIBER
999 259 1055 304 11.
1114 260 1215 315 Cap.
1249 263 1284 304 1.
1314 260 1353 305 2.
1870 260 1951 304 311

180 385 389 429 praesaga
417 386 622 428 responsa
650 379 695 418 et
723 375 937 418 inclinatis
965 376 1021 418 ad
1041 376 1298 419 credendum
1318 377 1470 419 animis
1499 376 1591 419 loco
1616 376 1802 419 ominum
1824 377 1964 418 etianr

179 451 370 506 fortuita.
414 453 487 497 ubi
508 453 729 508 Ger-iuthi,
758 454 946 498 Achaiae
974 455 1099 508 urbe,
1131 460 1270 499 certos
1300 457 1474 499 nuntios
1504 457 1669 510 accepit
1694 457 1748 499 de
1776 456 1954 499 interitu

183 531 345 576 Galbae
374 537 419 576 et
448 535 626 576 aderant
647 535 723 588 qui
752 547 872 577 arma
890 534 1055 578 Vitellii
1075 535 1316 591 bellumque
1335 535 1611 589 affirmarent,
1643 537 1792 579 anxius
1814 536 1954 579 animo

179 613 331 667 paucis
369 613 598 656 amicorum
638 613 840 657 adhibitis
880 619 1034 658 cuncta
1071 616 1285 671 utrimque
1323 616 1569 671 perlustrat.
1614 617 1653 659 si
1682 620 1882 670 pergeret
1909 616 1953 658 in

179 691 340 746 urbem,
367 692 528 736 nullam
547 691 675 736 officii
703 695 886 748 gratiam
916 695 959 737 in
990 695 1166 739 alterius
1194 696 1395 740 honorem
1425 696 1613 750 suscepti
1643 707 1692 738 ac
1712 708 1759 738 se
1777 695 1953 738 Vitellio
1990 704 2009 733 ⁵

179 773 271 816 sive
298 772 457 816 Othoni
486 773 675 816 obsidem
704 772 816 816 fore:
859 775 925 817 sin
954 776 1138 829 rediret,
1180 776 1382 819 offensam
1419 776 1535 819 haud
1564 775 1736 818 dubiam
1765 776 1952 828 victoris,

178 857 246 896 set
272 853 435 896 incerta
464 852 604 896 adhuc
632 853 811 896 victoria
840 858 884 896 et
913 856 1167 899 concedente
1196 857 1239 899 in
1268 860 1414 911 partes
1450 861 1576 910 patre
1614 854 1748 898 filium
1778 867 1952 898 excusa-

178 936 282 976 tum.
328 933 394 975 sin
413 932 704 987 Vespasianus
722 946 813 977 rem
836 934 1047 988 publicam
1069 937 1316 990 susciperet,
1346 935 1677 979 obliviscendum
1699 935 1952 978 offensarum

177 1012 232 1055 de
257 1011 370 1056 bello
392 1013 664 1067 agitantibus,
723 1014 789 1067 (2)
819 1014 888 1057 his
916 1027 966 1058 ac
996 1016 1154 1059 talibus
1184 1017 1296 1059 inter
1325 1029 1443 1071 spem
1473 1020 1718 1070 metumque
1746 1016 1951 1058 iactatum

176 1103 276 1146 spes
304 1092 419 1135 vicit.
463 1091 639 1136 fuerunt
677 1094 751 1148 qui
792 1106 1014 1138 accensum
1056 1096 1268 1139 desiderio
1297 1096 1522 1139 Berenices
1559 1097 1733 1149 reginae
1770 1096 1952 1138 vertisse
1966 1107 2008 1137 ιο

177 1172 263 1215 iter
290 1174 535 1226 crederent;
577 1186 713 1228 neque
741 1173 999 1218 abhorrebat
1027 1188 1053 1218 a
1083 1176 1286 1219 Berenice
1315 1176 1511 1219 iuvenilis
1541 1176 1730 1229 animus,
1771 1176 1849 1218 sed
1878 1188 1950 1229 ge-

176 1253 321 1308 rendis
359 1253 487 1296 rebus
526 1253 691 1296 nullum
731 1267 782 1296 ex
821 1267 871 1297 eo
910 1256 1269 1309 impedimentum.
1318 1256 1475 1299 laetam
1514 1255 1806 1310 voluptatibus
1849 1256 1950 1298 ado-

174 1332 422 1376 lescentiam
442 1334 544 1387 egit,
567 1346 644 1377 suo
665 1347 791 1389 quam
811 1335 949 1388 patris
970 1335 1148 1390 imperio
1167 1336 1440 1379 moderatior.
1478 1337 1612 1390 igitur
1631 1349 1749 1379 oram
1763 1335 1950 1378 Achaiae

1019 1486 1038 1515 2
1064 1485 1198 1516 fortuita
1222 1485 1376 1516 Grotius:
1402 1486 1533 1516 fortuna
1601 1486 1725 1517 Aehaie
1748 1486 1767 1515 b
1791 1485 1948 1526 [Achaiae

959 1532 979 1562 5
1016 1531 1115 1562 officii
1149 1532 1274 1562 nullam
1298 1543 1321 1562 α
1354 1534 1452 1571 (cm.
1479 1531 1544 1574 lm)
1637 1533 1656 1561 6
1693 1530 1757 1575 sin]
1794 1533 1820 1561 si
1841 1530 1847 1574 Ι
1868 1532 1902 1562 in
1926 1543 1948 1562 a

629 1576 789 1607 incertam
814 1577 920 1607 adhuc
943 1577 1078 1607 uictoris
1102 1576 1155 1607 ab
1179 1575 1351 1620 (incertum
1376 1577 1443 1619 ὀὶ),
1468 1578 1627 1609 incertam
1651 1578 1757 1608 adhuc
1777 1578 1948 1608 uictoriam

325 1622 431 1661 patrie
454 1621 507 1651 ab
537 1624 638 1660 (corr.
663 1622 719 1661 bss)
811 1624 832 1654 8
866 1632 1003 1662 rem.p.
1027 1633 1070 1661 a,
1106 1633 1133 1655 r.
1158 1633 1190 1663 p.
1216 1623 1235 1654 b
1327 1627 1347 1656 9
1383 1629 1417 1654 et
1448 1628 1613 1663 metnmq3
1637 1634 1681 1662 a,
1716 1627 1904 1664 moetumq3
1927 1623 1947 1654 b

507 1667 685 1699 Berenices
706 1667 860 1708 Lipsius:
883 1669 1054 1699 beronices
1147 1672 1187 1700 11
1223 1670 1382 1701 Berenice
1404 1669 1558 1709 Lipsiue:
1580 1670 1732 1701 beronice
1826 1672 1867 1701 12
1892 1679 1946 1700 ex-

173 1712 397 1755 pedimentum
420 1712 473 1743 ab
497 1712 592 1755 (corr.
618 1713 673 1755 b⁸)
769 1717 809 1747 13
834 1715 1012 1746 modestior
1035 1714 1097 1745 alii

567 1484 679 1515 omniu
702 1495 736 1523 a,
760 1484 904 1515 omnium
929 1484 948 1514 b

573 1532 594 1561 4
630 1531 782 1568 utrinque
813 1530 866 1561 ab

268 1485 286 1515 1
303 1486 453 1523 'presaga
475 1495 498 1514 a

174 1528 268 1570 urbe]
302 1530 358 1560 Fr.
383 1529 482 1559 Iacob

173 1576 271 1651 Ξιὲοῐ
293 1575 484 1606 Rhenanam
507 1579 540 1606 et

173 1852 244 1879 tum
266 1848 330 1880 hoc
344 1849 453 1880 dicere
469 1850 613 1881 voluisse
637 1851 860 1888 „redundasse
883 1852 917 1882 in
941 1852 1042 1882 fllium
1079 1851 1185 1896 gavit:
1213 1851 1335 1890 „Vossa
1358 1863 1401 1883 un
1425 1853 1638 1893 complemur,
1664 1851 1740 1883 dont
1762 1853 1796 1882 la
1810 1853 1944 1892 fortune

173 1905 276 1945 patris
299 1905 487 1944 gloriam“?
510 1925 555 1930 —
573 1917 739 1947 praesaga
761 1906 929 1951 responsa]
955 1909 1043 1948 „Le—
1078 1919 1100 1939 a
1115 1909 1234 1948 ehanqe'
1254 1908 1451 1940 l’adresse!“
1475 1928 1519 1934 --
1543 1907 1750 1952 offensarum]
1779 1919 1867 1947 „non
1890 1919 1943 1940 co-

172 1963 317 2002 gendum
334 1964 525 2004 praesagia,
551 1974 706 2005 responsa
729 1965 870 1996 diximus
894 1965 992 1997 Obss.
1010 1969 1041 2005 2,
1058 1942 1062 1995 1
1078 1966 1247 2005 gitandum
1272 1977 1344 1998 esse
1368 1967 1409 1998 de
1426 1968 1569 2006 offensis,
1595 1977 1651 1998 eas
1675 1976 1812 2006 prorsus
1836 1967 1942 2006 negli—

173 2019 254 2051 203⁴
277 2018 388 2051 Giton.
430 2020 511 2052 Mihi
532 2023 635 2052 multo
659 2022 850 2053 concinnior
874 2027 972 2062 atque
995 2024 1041 2054 ef·
1077 2023 1202 2062 gendas
1218 2033 1290 2054 esse
1310 2024 1360 2061 iis,
1386 2024 1442 2062 qui
1466 2023 1508 2054 ab
1532 2025 1604 2063 ipso
1628 2024 1726 2061 bello,
1752 2025 1850 2063 longe
1874 2034 1941 2054 ma·

170 2076 302 2108 δαείω·
318 2077 450 2108 videtur
467 2077 569 2109 Codd.
589 2079 696 2110 lectio.
743 2079 843 2110 Refer
866 2084 975 2111 autem
999 2081 1040 2111 ad
1076 2079 1163 2110 xima
1187 2081 1322 2119 offensa,
1347 2090 1413 2111 non
1437 2080 1719 2112 abhorruissent.“

170 2134 305 2165 fatidica
339 2135 563 2174 oraculorum,
599 2139 730 2173 vatum,
764 2138 816 2175 (ut
846 2137 955 2167 Flavii
987 2138 1039 2168 10-

170 2191 290 2231 sephi),
313 2192 524 2232 haruspicum
547 2202 707 2232 respousa
722 2193 927 2233 Vespasiano
951 2194 1038 2234 data,

169 2258 253 2288 quae
268 2253 438 2280 enumerat
456 2248 544 2280 Suet.
565 2249 665 2290 Vesp.
682 2251 713 2281 ὅ.
762 2249 922 2282 Similiter
938 2251 1036 2282 Ovid.

167 2309 245 2337 met.
270 2309 311 2346 3,
336 2308 402 2338 514
435 2316 662 2346 prmaqaque
698 2307 783 2338 ridet
813 2308 910 2339 verba
943 2310 1036 2340 aenis.

169 2362 332 2403 Splendor
355 2368 464 2395 autem
486 2365 707 2404 principatus,
738 2374 835 2404 quem
858 2366 943 2405 patri
967 2367 1036 2406 pol-

169 2420 370 2460 licebantur,
402 2422 586 2454 illustrabat
609 2423 707 2454 etiam
732 2423 846 2453 filium.
893 2423 960 2454 Alii
985 2433 1035 2455 re-

168 2478 280 2509 ferunt
306 2479 348 2509 ad
382 2488 438 2517 ea,
475 2488 559 2518 quae
587 2480 627 2511 de
652 2480 727 2511 Tito
760 2484 935 2510 narrantur
958 2491 983 2511 c.
1002 2483 1034 2518 4,

168 2535 226 2566 sed
242 2535 360 2575 Paphii
376 2536 502 2567 oraculi
524 2545 718 2575 responsum
742 2537 771 2568 ei
796 2538 830 2568 in
845 2538 1035 2568 reversione

166 2592 297 2623 demum
319 2593 361 2623 ad
384 2596 511 2632 patrem
532 2593 643 2624 datum
667 2603 763 2625 nemo
785 2604 883 2626 nosse
906 2598 1036 2634 poterat

167 2652 259 2690 tum,
293 2659 368 2680 cum
391 2650 463 2680 eins
486 2650 647 2682 adventus
670 2651 704 2681 in
728 2651 843 2682 urbem
868 2656 1033 2691 exspecta-

167 2705 272 2736 batur.
290 2722 335 2752 .—
350 2705 506 2748 formata]
520 2717 682 2746 „quorum
697 2709 761 2739 alio
777 2712 924 2748 tempore
937 2719 1033 2740 nemo

166 2762 326 2795 rationem
350 2767 407 2794 aut
428 2773 539 2795 curam
564 2765 742 2805 habuisset,
768 2769 845 2796 tunc
868 2775 928 2805 pro
953 2766 1032 2797 omi-

168 2818 265 2851 nibus
286 2820 563 2860 accipiebantur.“
587 2822 628 2852 cf.
657 2825 686 2860 1,
713 2823 755 2854 86
772 2833 794 2853 a
810 2822 962 2862 somt'tis
986 2823 1034 2853 vel

167 2877 369 2908 amau
400 2878 508 2909 causis
540 2878 575 2909 in
599 2879 785 2918 prodiqium
815 2885 845 2911 et
875 2890 963 2911 omen
987 2898 1031 2903 —

167 2931 354 2964 michan-r.
379 2953 423 2958 —
447 2934 601 2975 Corinthi]
629 2936 670 2967 de
694 2936 899 2976 appositione
922 2937 1032 2967 addita

169 2989 210 3020 cf.
228 2989 412 3030 Nipperdey
435 2992 477 3023 ad
492 2993 577 3023 Anu.
595 2993 628 3031 5,
646 2994 690 3024 10
714 2993 887 3032 Euboeam,
911 2994 1035 3033 Aeqaei

168 3046 270 3077 maris
284 3047 433 3079 inum.
456 3067 500 3072 —
524 3049 639 3080 anxiata
653 3050 772 3090 απὺηο]
797 3051 840 3081 Ν,
854 3050 1029 3082 Heinsius:

169 3103 305 3142 „malim
319 3104 454 3145 ananam,
478 3108 513 3136 at
535 3106 577 3138 cf.
602 3116 631 3138 c.
648 3108 690 3139 6⁵
713 3107 871 3138 Ζαεείεἰαπι
887 3125 931 3131 -
947 3107 1031 3138 voltu

164 3159 293 3199 serene,
327 3162 436 3193 anim>
467 3163 595 3194 amas.
619 3182 663 3187 —
685 3164 807 3195 nullam
830 3164 935 3204 officii
955 3175 1031 3204 yra-

1122 2195 1154 2224 2.
1202 2194 1354 2225 thecatum
1379 2203 1451 2233 spes
1474 2194 1560 2234 vict‘t]
1586 2195 1678 2225 Adeo
1701 2195 1808 2226 haesit
1830 2196 1864 2226 in
1889 2196 1941 2226 his

1073 2249 1265 2289 Ernestius,
1289 2254 1325 2282 ut
1348 2256 1566 2291 proponeret,
1600 2252 1788 2283 dubitanter
1810 2256 1937 2283 tamen:

1072 2307 1213 2338 iactatur
1233 2308 1290 2339 vel
1311 2308 1461 2339 iactam.
1509 2307 1586 2347 Spes
1616 2309 1700 2339 vim‘t.
1748 2309 1812 2340 Sed
1842 2309 1938 2340 modo

1072 2374 1175 2404 prope
1199 2365 1327 2404 poetico
1351 2365 1473 2396 dictum
1489 2369 1539 2396 est
1562 2374 1641 2404 pro:
1664 2366 1747 2396 inter
1770 2375 1855 2405 spem
1878 2375 1938 2395 me-

1071 2426 1194 2460 tumque
1218 2432 1287 2452 cum
1308 2422 1503 2459 iactamur,
1531 2422 1657 2460 tandem
1681 2423 1717 2453 in
1738 2423 1807 2453 eius
1830 2423 1937 2453 animo

1072 2488 1142 2519 spes
1157 2478 1242 2509 vicit.
1268 2497 1313 2502 —
1336 2479 1517 2520 Berenices]
1541 2489 1624 2518 quae
1641 2481 1862 2520 pulcherrima
1877 2480 1937 2510 suit

1070 2536 1239 2575 proneptis
1263 2536 1405 2567 Herodis
1421 2537 1543 2575 Magni,
1569 2537 1677 2576 neptis
1692 2537 1874 2568 Aristobuli
1898 2541 1931 2568 et

1070 2593 1268 2632 Berenices,
1293 2593 1361 2624 filia
1383 2594 1549 2633 Agrippae
1572 2594 1724 2633 maioris,
1749 2604 1843 2624 soror
1866 2594 1935 2624 Ma-

1069 2650 1154 2688 riae,
1191 2650 1356 2681 Drusillae
1380 2654 1414 2681 et
1435 2651 1603 2690 Agrippae
1636 2651 1791 2689 minoris,
1829 2651 1935 2682 ultimi

1069 2707 1264 2738 Iudaeorum
1287 2707 1386 2745 regis,
1410 2708 1525 2738 incesti
1548 2717 1621 2738 eum
1645 2708 1745 2739 fratre
1769 2707 1934 2739 commissi

1069 2768 1231 2803 suspecta,
1255 2768 1358 2803 nupta
1381 2764 1522 2803 primum
1538 2764 1663 2795 Herodi
1683 2769 1810 2804 patruo,
1836 2764 1933 2795 Chal-

1067 2821 1150 2851 cidis
1174 2820 1254 2860 regi,
1280 2821 1396 2852 deinde
1419 2821 1591 2852 Polemoni
1608 2822 1662 2860 11.,
1686 2822 1755 2860 regi
1779 2822 1877 2852 Ponti
1901 2826 1934 2853 et

1068 2877 1218 2917 Ciliciae,
1255 2882 1363 2908 amata
1386 2888 1406 2909 a
1429 2878 1502 2909 'rito
1527 2878 1685 2916 Caesare,
1721 2879 1812 2909 cuius
1835 2888 1933 2909 causa

1067 2935 1119 2966 bis
1154 2935 1292 2965 Romam
1327 2934 1427 2965 venit.
1468 2935 1510 2966 cs.
1536 2937 1568 2972 2,
1594 2936 1647 2966 81.
1685 2934 1771 2966 Suet.
1798 2935 1862 2967 Tit.
1890 2937 1931 2967 ⁷:

1067 2997 1213 3031 ”aspecta
1236 3009 1279 3015 —
1303 2990 1421 3030 libido,
1446 3009 1489 3014 —
1517 2996 1653 3031 propter
1675 2991 1828 3030 insiynem
1850 2992 1929 3031 reqi-

1066 3058 1128 3079 nae
1152 3048 1319 3079 Berenices
1342 3058 1492 3087 amorem,
1522 3049 1575 3078 eui
1596 3049 1690 3079 etiam
1712 3049 1842 3088 nuptiae
1858 3049 1931 3088 pol-

1065 3106 1170 3137 licitus
1196 3105 1373 3145 ferebatur.
1399 3124 1442 3129 -
1467 3105 1638 3136 Berenicen
1660 3107 1767 3136 statim
1790 3105 1833 3136 ab
1855 3106 1929 3136 urbe

1066 3163 1184 3194 amisit
1208 3161 1263 3205 (ob
1287 3162 1401 3202 populi
1425 3162 1717 3204 indignationem),
1741 3163 1859 3194 amitus
1881 3163 1929 3194 τή-

166 3217 246 3247 tima
271 3235 312 3242 —
337 3218 484 3259 sucepti]
518 3224 594 3259 apte
616 3220 657 3251 1..
681 3220 823 3262 Spengel
847 3222 950 3253 verba
973 3222 1031 3253 illa
1064 3221 1171 3251 vitam.
1217 3220 1282 3250 Dio
1307 3219 1370 3256 66,
1397 3221 1449 3250 15.
1490 3219 1617 3259 loseph.
1643 3221 1684 3250 Α.
1708 3221 1734 3251 1.
1760 3222 1813 3258 18,
1839 3222 1870 3259 5,
1895 3223 1928 3251 4.

168 3274 308 3314 confert,
331 3275 450 3315 quibus
472 3275 621 3316 Napoleo
644 3281 719 3317 post
741 3289 884 3320 pugnam
908 3279 948 3310 ad
973 3289 1029 3319 op-

166 3331 279 3371 pidum
302 3332 480 3364 Austerlitz
513 3333 632 3365 tactam
663 3334 899 3376 Haugvitzium
934 3336 1029 3367 casti·

1068 3279 1120 3315 19,
1144 3279 1177 3314 5.
1204 3279 1234 3308 1.
1260 3278 1314 3315 20,
1342 3278 1372 3314 7,
1399 3279 1429 3307 3.
1466 3276 1549 3307 Acta
1572 3277 1686 3317 Apost.
1712 3279 1767 3315 25,
1795 3279 1846 3309 13.
1872 3279 1928 3310 23.

1066 3337 1128 3371 26,
1155 3335 1206 3365 80.
1241 3351 1284 3356 ——
1316 3331 1524 3376 moderatior]
1563 3334 1603 3364 cf.
1628 3334 1714 3365 Suet.
1749 3335 1813 3365 Tit.
1841 3337 1870 3365 1.
1895 3336 1925 3366 7.

1572 3391 1657 3430 21*
