2176 3672
853 237 957 294 Cap.
994 239 1056 281 12.
1091 240 1154 282 13.
1810 243 1890 285 173

138 356 331 408 pareant,
361 351 548 394 nondum
577 354 626 393 ut
651 350 851 392 serviant.
897 351 1027 406 igitur
1057 353 1216 407 primus
1245 354 1431 396 omnium
1450 354 1739 398 Romanorum
1768 355 1890 398 divus

139 424 277 469 lulius
302 438 400 469 eum
427 424 631 479 exercitu
640 424 915 468 Britanniam
944 425 1171 481 ingressus,
1211 440 1466 483 quamquam
1504 442 1709 484 prospera
1744 442 1890 485 pugna

137 492 525 543 terruerit‘inoolas
552 511 604 540 ac
631 497 755 540 litore
783 498 942 553 potitus
971 499 1041 553 sit,
1078 503 1219 554 potest
1255 500 1390 542 videri
1429 501 1662 545 ostendisse
1698 503 1890 558 posteris,

137 585 224 616 non
250 571 490 617 tradidisse.
534 584 632 615 mox
661 570 786 614 bell·
804 571 945 614 civilia
974 572 1090 614 etin
1120 574 1455 628 rempublicam
1492 589 1616 619 versa
1651 577 1890 632 principum

135 659 269 698 amna,
298 660 349 703 ac
377 646 506 701 longa
540 645 696 688 oblivio
725 645 973 688 Britanniae
1004 646 1132 689 etiam
1170 647 1215 689 in
1251 662 1369 703 pace.
1414 649 1634 692 consilium
1677 649 1721 692 id
1764 649 1887 693 divus
1906 667 1923 693 ι

137 717 353 775 Angustus
382 719 575 771 vocabat,
603 718 801 762 Tiberius
837 724 1127 776 praeceptum.
1173 722 1354 776 agitasse
1384 721 1539 764 Gaium
1569 722 1796 766 Caesarem
1834 722 1889 766 de

136 792 336 837 intranda
362 793 586 837 Britannia
613 792 714 835 satis
742 797 925 844 constat,
962 794 1007 836 ni
1046 794 1169 836 velox
1208 794 1379 849 ingenio
1415 795 1561 838 mobili
1589 797 1890 852 paenitentiae,

135 869 182 909 et
202 856 406 922 fingentes
434 866 638 910 adversus
666 865 940 910 Germaniam
970 872 1144 910 conatus
1184 867 1342 911 frustra
1371 869 1563 912 fuissent.
1606 870 1728 912 divus
1764 869 1890 913 Glau-

136 939 231 983 dine
259 944 408 983 auctor
436 940 577 983 statim
606 940 759 996 operis,
789 941 1039 983 transvectis
1066 941 1306 996 legionibus
1326 943 1580 996 auxiliisque
1602 948 1646 986 et
1665 943 1888 999 adsumpto

133 1012 177 1056 in
206 1017 375 1070 partem
404 1027 548 1057 rerum
577 1013 856 1068 Vespasiano,
886 1014 998 1071 quod
1029 1015 1194 1057 initium
1224 1020 1430 1058 venturae
1460 1030 1556 1059 mox
1576 1017 1771 1060 fortunae
1792 1017 1921 1067 fuit..⁰

271 1097 302 1127 ὅ.
320 1097 418 1127 etiam
433 1098 477 1127 A:
501 1097 569 1127 iam
585 1097 620 1128 B.
642 1113 679 1118 —
704 1098 734 1128 6.
746 1102 958 1137 praeceptum
974 1097 997 1128 i.
1015 1096 1052 1136 (2)
1070 1098 1112 1134 B;
1127 1098 1289 1137 precipue
1305 1099 1347 1135 A;
1372 1098 1426 1128 sed
1450 1107 1525 1130 corr.
1541 1109 1584 1129 m.
1606 1101 1618 1129 1
1645 1100 1677 1130 in
1699 1100 1829 1138 margine
1851 1116 1882 1120 -—

92 1194 94 1196 v
137 1152 254 1185 Gaiam
269 1154 294 1184 A
306 1153 343 1184 B.
359 1169 404 1175 —
423 1156 452 1185 7.
469 1153 601 1194 inyem'i
615 1153 746 1184 mobilis
758 1153 963 1194 penitentiae
981 1155 1021 1191 B;
1046 1154 1178 1194 inqenio
1200 1153 1313 1185 mobili
1324 1154 1538 1194 paenitentia
1552 1156 1641 1193 Wex3
1666 1156 1808 1196 inqemb,
1826 1167 1889 1188 mo-

134 1209 217 1241 bilia
224 1209 437 1251 paenitentia
453 1210 645 1241 Puteolanus.
665 1225 705 1232 -·
723 1212 754 1242 9.
770 1215 883 1242 auctor
898 1211 1011 1242 statim
1022 1221 1095 1242 nos:
1120 1211 1300 1242 autoritate
1314 1213 1355 1249 A;
1380 1213 1578 1243 auctoritate
1590 1214 1631 1250 133
1648 1218 1762 1244 auctor
1774 1213 1890 1244 iterati

134 1266 228 1308 Wex3
243 1271 357 1298 auctor
372 1264 522 1298 iterandi
537 1256 671 1307 Madvig
689 1273 803 1299 auctor
811 1269 947 1308 pat-rati
962 1269 1076 1306 Ritter3
1093 1273 1207 1300 auctor
1223 1268 1352 1300 tandem
1364 1268 1520 1306 Frfflssiclu
1540 1274 1653 1300 auctor
1669 1269 1757 1301 tanti
1771 1269 1887 1300 Bezzen

133 1324 393 1367 bugerJauctor
409 1323 531 1355 inmoti
545 1325 676 1356 Urlichs.

132 1380 174 1412 ni,
190 1379 283 1413 adsis
305 1379 432 1420 modu,
467 1381 505 1412 in
536 1381 672 1412 exitium
705 1386 884 1413 vei-tamur.
932 1383 988 1413 Est
1032 1384 1137 1414 sionis.
1184 1383 1297 1414 Eadem
1314 1384 1393 1414 enim
1409 1387 1455 1414 est
1472 1383 1563 1414 huius
1579 1383 1708 1422 genetivi
1733 1384 1789 1424 vis,
1813 1393 1889 1423 quae

131 1426 340 1459 οωιίιιιιοΰνιιε
355 1427 538 1466 potentialis,
553 1437 610 1458 nec
624 1427 687 1458 ulla
702 1428 734 1458 in
751 1437 787 1458 eo
800 1428 879 1458 inest
893 1429 984 1459 animi
1031 1429 1094 1459 fere
1113 1432 1159 1460 est
1176 1430 1392 1467 genetivorum.
1409 1429 1460 1459 ubi
1478 1429 1634 1460 adiectivis
1650 1429 1864 1468 adiunguntur.

131 1473 186 1502 ant
198 1471 362 1503 voluntatis
378 1472 586 1502 Britannorum
604 1473 792 1510 significatio.
1078 1474 1235 1506 adversus
1269 1473 1504 1512 GermaniamJ.
1563 1475 1600 1505 Η.
1631 1475 1681 1505 IV.
1715 1476 1753 1504 15
1789 1474 1887 1505 Gaia—

175 1515 311 1556 IoiturJ.
357 1517 420 1548 Hac
435 1518 583 1556 particula
606 1518 690 1548 latini
706 1522 831 1549 utuntur
854 1519 907 1555 ibi,
933 1519 984 1549 ubi
1032 1530 1149 1550 narum
1166 1519 1410 1559 expeditionum
1426 1520 1617 1551 ludibrium.
1665 1520 1762 1550 Germ.
1780 1521 1821 1550 37
1839 1519 1888 1549 in-

130 1561 170 1592 ad
184 1561 218 1595 id
232 1562 369 1602 veniunt,
386 1562 426 1593 de
449 1572 510 1602 qno
526 1563 660 1594 dicturos
686 1573 718 1594 se
740 1573 806 1594 esse
827 1567 896 1595 ante
917 1574 984 1604 pro-
1030 1570 1140 1605 9entes
1161 1565 1227 1596 Gai
1248 1564 1397 1596 Caesaris
1417 1565 1526 1596 minae
1548 1565 1585 1595 in
1606 1564 1786 1595 ludibrium
1806 1574 1887 1595 ver--

130 1607 287 1639 demunt
332 1607 396 1638 Hoc
417 1612 518 1638 autem
541 1608 608 1639 loco
625 1609 743 1640 Tacitus
764 1610 808 1640 eis
828 1610 905 1649 ipsis
921 1619 984 1640 ver·
1031 1620 1096 1642 sae.
1145 1611 1228 1641 Suet.
1247 1611 1312 1642 Cal.
1330 1613 1384 1642 43.

130 1651 188 1688 b'u.
212 1661 291 1692 quae
311 1653 448 1693 proxime
470 1654 668 1692 praecedunt.
709 1654 777 1685 iam
800 1654 925 1694 domiti,
950 1660 987 1685 ut
1072 1654 1208 1696 frustra
1216 1655 1392 1695 suissenfl,
1409 1650 1530 1697 mail.
1545 1657 1583 1686 75
1597 1656 1742 1696 utrisque
1750 1654 1887 1694 frustra

130 1702 286 1744 pareant,
307 1697 448 1729 nondum
468 1703 505 1729 ut
520 1699 678 1739 serviant,
705 1701 838 1731 ostendit
853 1710 886 1730 se
902 1710 985 1731 enar-
1024 1700 1124 1741 suit,·
1149 1701 1242 1732 cf.11.
1261 1702 1302 1732 97
1320 1701 1376 1732 sed
1398 1701 1649 1741 experimentum
1672 1705 1785 1732 contra
1798 1699 1887 1741 suit.

131 1740 275 1779 ratarum
291 1743 403 1784 quibus
414 1744 548 1784 priorum
562 1745 652 1775 rebus
665 1746 757 1784 gestis
769 1746 873 1777 domiti
887 1749 987 1776 essent
1035 1747 1157 1778 111.18.

131 1788 275 1819 Britanni.
1078 1791 1222 1830 statim],
1253 1792 1356 1831 paullo
1385 1795 1544 1831 postquam
1577 1792 1734 1831 imperinm
1760 1791 1887 1830 adeptus

169 1833 299 1874 prims
313 1849 357 1856 --
373 1834 617 1874 Romanorum,
639 1838 674 1866 nt
696 1836 734 1867 H.
751 1836 789 1866 V.
808 1837 827 1866 9
852 1837 884 1867 in
901 1846 932 1866 re
948 1837 987 1866 si·
1034 1841 1106 1872 erat,
1123 1847 1150 1868 a.
1169 1840 1222 1868 43.
1259 1839 1342 1869 Suet.
1362 1837 1467 1868 Claud.
1489 1839 1539 1868 17.
1575 1837 1634 1868 Dio
1650 1836 1715 1867 Lx.
1730 1837 1780 1866 19.

130 1878 274 1910 milhma:
290 1879 507 1911 Romanorum
518 1881 645 1920 primus
665 1880 722 1912 Cn.
739 1881 910 1922 Pompeius
925 1882 987 1913 Ju—
1078 1883 1245 1922 adsumpto
1260 1883 1297 1913 in
1307 1887 1437 1922 partem
1452 1878 1585 1923 rerum].
1602 1891 1629 1913 c.
1645 1883 1685 1913 25
1701 1891 1783 1922 quae
1798 1879 1886 1919 (clas-

129 1923 228 1956 dceos
243 1924 379 1957 domuit.
1033 1929 1090 1963 sis)
1107 1944 1153 1950 —-
1168 1933 1332 1968 assumpta
1348 1928 1385 1958 in
1395 1933 1525 1967 partem
1541 1927 1672 1958 virium.
1705 1929 1782 1958 Ann.
1802 1927 1824 1960 1.
1847 1929 1881 1957 11

173 1966 379 2013 mee-dim}
395 1971 592 2009 domandam3
618 1972 809 2013 tradidisse,
827 1973 982 2004 domitam.
1033 1985 1067 2005 se
1084 1974 1122 2005 in
1131 1979 1259 2014 partem
1273 1983 1425 2004 curarum
1441 1973 1481 2003 ab
1498 1973 1558 2004 illo
1569 1977 1727 2004 vocatum.
1749 1971 1827 2003 XIV.
1843 1974 1884 2002 33

173 2015 373 2054 consilium}
419 2018 498 2048 Anu.
516 2017 540 2047 1.
561 2020 597 2048 11
616 2017 852 2059 addideratque
870 2016 984 2058 (Augu-

129 2061 207 2098 sm)
231 2061 404 2093 consilium
429 2063 597 2094 coercendi
625 2063 716 2093 intra
744 2064 897 2095 terminos
926 2064 984 2094 im·

123 2106 228 2145 perii.
252 2107 298 2138 De
313 2117 389 2139 voce
405 2108 523 2139 consilii
539 2109 578 2139 cf.
595 2109 633 2140 Η.
651 2108 689 2139 11.
708 2110 749 2139 29
764 2114 829 2140 tum
843 2109 986 2148 Alfenus

135 2152 287 2184 Vmae—
297 2151 504 2193 deflaqrante
509 2153 693 2193 paullatim
703 2154 873 2193 seditione,
890 2154 987 2185 addit

130 2197 313 2234 eonsilium,
337 2198 449 2229 vetitis
464 2199 554 2230 obire
577 2199 718 2239 vigilias
740 2200 986 2231 centurionibus

129 2253 157 2274 e.
169 2252 202 2283 q.
213 2252 240 2274 s·
252 2243 315 2275 Liv.
329 2243 353 2275 1.
365 2245 421 2284 45,
437 2246 451 2275 1
471 2254 510 2275 ne
525 2255 647 2284 semper
664 2245 766 2276 armis
782 2256 856 2286 opes
871 2245 984 2286 acqui-

128 2293 288 2328 rere-tar,
308 2289 448 2320 consilio
459 2300 577 2330 auqere
595 2291 764 2330 imperium
780 2296 916 2322 conatus
928 2296 984 2322 est.

169 2330 405 2377 praeceptum}
453 2337 530 2366 Anu.
554 2336 604 2369 IV.
630 2337 670 2366 37
700 2336 835 2367 Tiberius
864 2338 930 2376 ipse
953 2346 986 2367 se

131 2380 232 2411 onnia
254 2379 334 2411 facta
349 2381 491 2420 dictaque
506 2382 632 2420 Augusti
651 2382 715 2412 vice
732 2383 806 2421 legis
828 2382 985 2413 observare

130 2425 295 2466 profitetur.

175 2470 347 2511 aqimsseJ.
370 2471 409 2502 Η.
426 2472 447 2502 L
464 2473 505 2503 39
520 2472 663 2511 ayitasse
680 2473 770 2504 Laco
786 2488 830 2494 —
846 2472 885 2504 de
901 2474 984 2505 occi-

127 2515 234 2548 dendo
255 2516 330 2548 Tito
351 2517 448 2548 Vinio
463 2517 600 2549 dicitur.
651 2519 690 2549 79
715 2515 820 2560 (otho)
843 2519 987 2550 creditus

129 2565 178 2593 est
194 2561 295 2592 esiam
310 2561 350 2594 de
364 2562 557 2594 celebranda
576 2564 715 2595 Neronis
738 2564 890 2596 memoria
913 2565 984 2604 aqi-

128 2607 277 2638 cavisse.

179 2652 299 2684 Gaium
331 2652 529 2692 CaesaremJ,
561 2664 588 2684 a.
617 2657 670 2686 40.
718 2655 799 2686 Suet.
834 2655 885 2686 Cal
930 2657 983 2686 44.

131 2697 191 2729 Dio
208 2698 281 2730 ux.
300 2700 353 2733 25.

172 2744 259 2775 satis
273 2743 412 2782 constat]
430 2745 489 2775 hoc
503 2745 570 2776 loco
582 2747 785 2777 accusativum
803 2756 869 2777 cum
886 2747 983 2777 infini-

127 2789 190 2820 tivo
207 2790 345 2829 seqnitur
359 2788 463 2830 (qnam
481 2791 707 2822 collocationem
724 2792 880 2822 verborum
901 2792 984 2821 nullo

126 2834 187 2865 alio
202 2834 268 2865 loeo
280 2833 477 2876 invenimus),
490 2837 543 2876 qui
557 2844 715 2876 propterea
726 2838 887 2876 praecedit.
903 2837 983 2876 quod

128 2880 182 2910 Gai
200 2880 333 2910 Caesaris
349 2882 473 2920 eiusque
492 2883 609 2912 consilii
620 2883 894 2913 commemorationi
908 2886 982 2912 cete-

127 2925 169 2956 ris
184 2926 414 2965 imperatoribus
431 2928 587 2966 oppositae
604 2928 649 2958 vis
665 2928 812 2967 quaedam
830 2929 959 2958 additur.

171 2969 234 3008 aij.
283 2971 327 3002 Cf.
345 2981 371 3002 c.
390 2974 410 3002 4
426 2972 585 3012 hausisse,
604 2973 650 3003 ni.
691 2973 775 3003 Duae
799 2977 896 3003 autem
914 2973 982 3002 sffe-

128 3019 236 3047 runtur
252 3026 370 3051 causa.
387 3017 498 3057 quibus
521 3019 678 3048 consilium
698 3018 849 3056 Caligulae
865 3019 902 3059 ad
920 3019 982 3048 irri-

127 3063 192 3092 tum
208 3061 361 3092 redactum
386 3063 434 3099 sit,
452 3072 576 3102 quarum
601 3074 659 3094 una
676 3065 706 3094 in
723 3063 867 3102 moribus,
891 3064 984 3093 altera

130 3106 160 3136 in
175 3115 275 3137 rerum
291 3111 358 3138 ante
375 3112 523 3146 gestarum
541 3109 660 3139 fortuna
676 3110 774 3148 posita
789 3112 843 3139 est.

173 3151 266 3182 eelooe
301 3168 338 3174 -—
366 3153 620 3193 paenitentiae]

128 3195 240 3226 mobili
269 3194 320 3235 (cf.
350 3197 530 3229 mobilitate
558 3199 687 3238 inyenii
710 3199 745 3229 Η.
763 3199 785 3229 1.
806 3200 835 3230 7.
873 3199 908 3228 11.
929 3200 980 3228 57.

129 3240 183 3271 111.
202 3239 258 3279 84)
277 3251 367 3273 causa
388 3243 539 3283 inseritur,
563 3254 615 3274 cur
638 3244 728 3274 fuerit
750 3244 841 3274 velox
864 3243 980 3282 paeni-

130 3285 264 3317 tentiae.
278 3287 543 3319 Genetivusantem
552 3290 700 3320 adiectivo
707 3289 799 3319 vcloz
811 3289 980 3320 adiunctus.
1003 3303 1006 3318 ι

1002 3321 1006 3366 Ι
1026 3330 1212 3371 pinquitate
1233 3328 1358 3360 Galbae
1374 3332 1578 3360 monstratus.
1604 3329 1703 3361 Germ.
1722 3330 1757 3359 81
1780 3328 1878 3359 bosti—

129 3330 187 3362 etsi
202 3330 261 3361 alio
278 3332 345 3363 loco
361 3342 421 3363 non
439 3333 555 3373 legitur,
576 3334 651 3364 nihil
665 3338 762 3364 tamen
781 3334 872 3364 habet
889 3333 979 3363 offen·

680 3154 819 3184 Ablativo
851 3153 983 3191 inqenio
1004 3161 1007 3188 ξ

1032 2019 1222 2051 comitantes
1238 2019 1275 2050 in
1286 2023 1414 2058 partem
1430 2018 1573 2057 agminis
1589 2018 1762 2058 acciperet.

1084 2063 1308 2104 Vespasiano}
1338 2064 1408 2094 Fuit
1432 2064 1510 2094 euim
1537 2065 1569 2094 in
1598 2064 1751 2094 Britannia
1771 2063 1886 2102 legatus

1033 2111 1159 2150 legionis
1173 2110 1332 2141 secundae.
1349 2110 1387 2141 Η.
1401 2109 1453 2140 111.
1468 2111 1520 2140 44.
1546 2109 1630 2140 Suet.
1646 2109 1738 2148 Vesp.
1753 2111 1772 2140 4
1788 2107 1885 2139 Olau-

1032 2156 1088 2187 dio
1109 2156 1262 2196 principe
1288 2155 1439 2186 Narcissi
1460 2154 1572 2194 qratia
1594 2154 1722 2194 legatus
1745 2153 1886 2193 leyionis

1033 2202 1069 2232 in
1091 2201 1300 2232 Germaniam
1315 2201 1432 2231 missus
1448 2204 1496 2230 est
1503 2211 1516 2239 ;
1531 2199 1607 2230 inde
1623 2199 1659 2229 in
1675 2199 1886 2230 Britanniam

1033 2247 1214 2278 translatus
1232 2246 1345 2276 tricies
1361 2255 1431 2276 cum
1446 2246 1533 2276 hoste
1551 2244 1714 2285 conflixit,
1732 2244 1815 2275 duas
1827 2255 1885 2275 va-

1031 2292 1213 2323 lidissimas
1236 2296 1345 2330 yentes
1374 2300 1530 2330 superque
1554 2290 1676 2329 viqinti
1709 2289 1830 2330 oppida
1854 2295 1886 2320 et

1033 2338 1173 2369 insulam
1198 2338 1319 2368 Vectem
1337 2335 1535 2368 Britanniae
1548 2335 1727 2375 proximam
1743 2335 1780 2366 in
1795 2334 1885 2366 dedi-

1033 2384 1151 2415 tionem
1165 2382 1300 2420 redeyit.
1313 2382 1437 2421 partim
1456 2381 1496 2412 A.
1513 2380 1655 2420 Plautii,
1682 2380 1786 2420 leyati
1809 2390 1883 2411 con—

1031 2429 1174 2464 sularis,
1203 2427 1326 2467 partim
1361 2426 1495 2458 Claudii
1531 2427 1638 2466 ipsius
1670 2425 1778 2457 ductu.
1826 2426 1885 2456 Dio

1032 2475 1091 2505 Lx.
1116 2476 1166 2505 19.

1068 2517 1255 2559 fortunae]‚
1274 2518 1458 2558 principalis.
1504 2518 1683 2552 Britannica,
1706 2516 1815 2556 inquit,
1832 2516 1884 2546 mi·

1032 2566 1096 2596 lilia
1117 2565 1245 2604 primum
1269 2564 1385 2594 initium
1411 2563 1468 2593 fuit
1491 2572 1526 2593 ac
1553 2563 1635 2592 velut
1653 2562 1809 2613 augurium
1831 2562 1884 2591 im·

1031 2611 1117 2650 perii,
1133 2620 1193 2649 quo
1212 2619 1279 2639 mox
1296 2612 1358 2639 erat
1374 2609 1534 2648 potiturus.
1581 2608 1626 2638 De
1643 2607 1698 2637 hac
1714 2607 1795 2637 vocis
1809 2605 1884 2646 sor-

1030 2661 1111 2686 tuna
1127 2655 1344 2693 significatione
1361 2654 1517 2693 disputant
1532 2653 1664 2683 Heraeus
1680 2652 1717 2682 ad
1734 2652 1774 2682 Η.
1790 2651 1812 2682 1.
1832 2649 1882 2683 10.

1032 2701 1232 2740 Nipperdeius
1248 2700 1284 2729 ud
1303 2701 1380 2729 Anu.
1398 2699 1447 2729 xl.
1468 2700 1520 2730 30.
1557 2698 1603 2728 Ad
1621 2698 1755 2727 eiusdem
1772 2697 1883 2736 Vespa-

1032 2746 1105 2776 siani
1130 2746 1328 2795 principatum
1355 2744 1483 2774 refertur
1508 2742 1882 2774 H.1.10.111.43.65.

1032 2792 1113 2821 Idem
1138 2794 1181 2820 est
1206 2789 1414 2828 principatus
1428 2784 1570 2829 fortuna
1594 2788 1631 2818 Η.
1649 2787 1671 2818 1.
1692 2788 1746 2819 77.
1770 2787 1821 2818 IV.
1840 2787 1882 2818 85

1032 2836 1130 2875 etym
1132 2841 1211 2866 tuna
1222 2833 1429 2874 principalis
1446 2834 1482 2863 Η.
1504 2834 1612 2864 11.81.

1077 2880 1120 2917 et]
1135 2890 1194 2910 non
1208 2880 1344 2917 adiungit
1355 2879 1475 2908 tertium
1491 2878 1666 2915 membrum,
1676 2877 1728 2907 sed
1741 2877 1881 2914 alterum,

1006 2919 1009 2960 Ι
1031 2936 1096 2956 nam
1106 2935 1183 2965 quae
1196 2925 1377 2964 praecedunt
1390 2923 1527 2954 domitae
1539 2927 1660 2962 pentes,
1678 2922 1769 2961 eapti
1781 2932 1880 2962 reyes,

1031 2981 1065 3001 ea
1082 2980 1172 3000 unum
1191 2970 1308 2999 efficere
1324 2968 1457 3008 putanda
1481 2973 1559 2999 sunt.
1593 2967 1626 2997 V.
1643 2977 1734 3007 supra
1749 2977 1774 2998 c.
1796 2970 1830 2997 11
1852 2972 1883 2999 et

1025 3016 1135 3055 posita
1155 3020 1266 3045 contra
1285 3013 1463 3052 Hispania.

1074 3053 1294 3100 monstratus}
1342 3059 1420 3088 llaec
1443 3057 1575 3087 solennis
1590 3061 1636 3088 est
1651 3058 1733 3097 apud
1750 3058 1880 3089 Tacitum

1005 3117 1007 3150 ξ
1030 3105 1179 3145 participii
1197 3104 1355 3134 collocatio
1372 3104 1438 3133 aliis
1455 3102 1607 3132 vocabulis
1622 3104 1711 3134 ancti.
1738 3103 1774 3134 V.
1792 3112 1883 3143 supra

1029 3161 1054 3181 c.
1074 3153 1090 3180 7
1109 3149 1268 3188 adsectati
1285 3159 1303 3178 a
1325 3148 1520 3187 Vespasiano
1535 3147 1678 3187 imperii.

1065 3194 1185 3234 satisJ.
1226 3194 1395 3224 Ablativum
1413 3193 1569 3231 intellege3
1587 3196 1766 3224 monstratus
1782 3197 1880 3224 autem

1029 3245 1072 3270 est
1099 3239 1279 3270 bominibus,
1330 3238 1409 3268 Hanc
1434 3239 1707 3277 interpretationem
1733 3248 1879 3269 commen-

1028 3287 1097 3315 dant
1120 3285 1232 3315 similes
1249 3285 1306 3314 loci
1325 3284 1361 3314 Η.
1381 3284 1401 3314 1.
1423 3284 1463 3313 88
1481 3287 1603 3314 vetusto
1620 3283 1746 3315 nomine
1763 3289 1794 3314 et
1805 3293 1878 3323 pro-
