2176 3672
749 335 922 378 LIBER
950 336 1005 379 11.
1064 335 1164 391 cap.
1190 337 1256 380 77.
1289 338 1355 381 78.
1856 339 1937 382 371

172 459 268 490 nem
298 447 429 492 ceteri
457 449 684 498 audentius
715 450 1026 494 circumsistere
1056 451 1240 505 hortari,
1277 464 1480 507 responsa
1507 455 1653 495 vatum
1683 455 1727 496 et
1756 453 1942 496 siderum

170 530 312 593 motus
342 526 517 590 referre.
559 541 641 573 nec
667 532 762 572 erat
789 531 976 574 intactus
1006 531 1084 574 tali
1114 532 1439 586 superstitione,
1480 536 1530 575 ut
1559 534 1632 587 qui
1661 546 1758 576 mox
1798 546 1940 576 rerum

174 592 369 650 dominus
390 607 610 652 Seleucum
631 611 840 664 quendam
862 611 1209 654 mathematicum
1236 616 1443 655 rectorem
1463 616 1508 655 et
1529 613 1767 667 praescium
1797 613 1939 668 palam

166 685 379 730 habuerit.
426 688 705 732 recursabant
734 691 876 733 animo
915 695 1061 734 vetera
1097 693 1260 734 omina:
1304 705 1532 746 cupressus
1570 692 1699 736 arbor
1737 695 1781 737 in
1824 695 1939 748 agris

167 767 259 810 eius
299 768 524 823 conspicua
561 769 788 812 altitudine
826 774 1001 824 repente
1039 772 1284 825 prociderat
1313 784 1363 815 ac
1391 776 1565 826 postera
1593 775 1662 817 die
1691 775 1838 817 eodem
1866 787 1938 817 ve-

165 847 294 900 stigio
323 860 548 904 resurgens
577 861 753 903 procera
782 853 826 893 et
854 850 984 893 latior
1013 851 1189 895 virebat.
1234 853 1394 907 grande
1414 853 1459 895 id
1479 866 1814 909 prosperumque
1834 866 1933 897 con-

165 939 293 971 sensu
321 927 594 983 haruspicum
624 933 668 972 et
698 942 862 973 summa
883 930 1095 974 claritudo
1125 932 1266 975 iuveni
1297 933 1522 975 admodum
1543 933 1807 987 Vespasiano
1838 947 1937 988 pro-

163 1008 306 1052 missa.
354 1009 432 1052 sed
460 1010 599 1063 primo
629 1010 907 1064 triumphalia
936 1015 981 1054 et
1010 1011 1256 1063 consulatus
1286 1015 1330 1055 et
1359 1012 1558 1055 Iudaicae
1577 1014 1781 1057 victoriae
1811 1015 1938 1057 decus

163 1087 350 1142 inplesse
378 1087 504 1132 fidem
534 1090 687 1133 ominis
715 1091 959 1134 videbatur:
989 1096 1040 1135 ut
1067 1092 1172 1135 haec
1202 1093 1384 1146 adeptus
1413 1096 1491 1146 est,
1522 1094 1719 1147 portendi
1749 1094 1832 1136 sibi
1861 1095 1939 1137 im-

161 1169 327 1222 perium
365 1168 577 1213 credebat.
628 1174 694 1214 est
722 1171 924 1215 Iudaeam
962 1172 1074 1215 inter
1113 1172 1361 1227 Syriamque
1401 1172 1642 1216 Carmelus:
1683 1174 1746 1216 ita
1784 1178 1995 1216 venantio

160 1251 346 1292 montem
366 1250 586 1305 deumque.
632 1263 709 1294 nec
738 1251 1009 1295 simulacrum
1040 1253 1119 1295 deo
1149 1255 1226 1295 aut
1253 1252 1461 1306 templum
1491 1251 1572 1308 (sic
1601 1253 1818 1296 tradidere
1846 1266 1936 1296 ma-

161 1326 314 1384 iores):
345 1342 421 1372 ara
449 1333 618 1374 tantum
648 1334 692 1374 et
720 1332 969 1375 reverentia.
1016 1332 1104 1375 illic
1133 1331 1392 1376 sacrificanti
1411 1333 1689 1387 Vespasiano,
1719 1346 1815 1377 cum
1836 1347 1936 1388 spes

162 1408 351 1452 occultas
388 1414 580 1454 versaret
615 1412 778 1466 animo,
822 1412 1033 1455 Basilides
1074 1413 1272 1456 sacerdos
1310 1413 1514 1467 inspectis
1554 1414 1784 1457 identidem
1824 1415 1935 1458 extis

254 1537 271 1567 1
304 1537 490 1568 audientius
523 1537 643 1580 (notam
667 1539 728 1570 del.
755 1541 820 1581 lm)
914 1542 934 1572 3
967 1540 1097 1579 prescii-i
1189 1542 1211 1571 4
1244 1540 1354 1571 omina
1378 1541 1566 1572 Rhenanus:
1590 1538 1676 1572 omia
1768 1544 1788 1574 6
1820 1542 1936 1573 laetior

164 1580 283 1612 Triller
375 1582 429 1625 617
459 1584 582 1615 &sensu
615 1585 736 1628 (notam
760 1595 861 1626 supra
884 1595 906 1616 u
929 1586 990 1617 del.
1016 1584 1081 1627 lm)
1174 1587 1194 1616 8
1228 1586 1361 1626 Iudeice
1453 1588 1472 1617 9
1506 1588 1648 1618 hominis
1738 1587 1937 1619 uidebantur

157 1637 232 1670 dea.
324 1640 368 1671 10
392 1641 453 1682 est]
478 1633 555 1680 ὃς»
582 1641 643 1683 (=
667 1641 712 1687 et)
806 1644 910 1675 Iudea'.
1003 1638 1043 1675 11
1070 1643 1166 1685 dffiq3
1259 1645 1302 1675 (16
1396 1646 1437 1677 12
1462 1654 1519 1676 ara
1542 1648 1670 1676 tantum
1694 1649 1727 1677 et
1750 1646 1936 1677 reverentia

158 1684 336 1724 Ayrieola:
358 1695 449 1718 aram
472 1690 600 1719 tantum
625 1692 658 1720 et
680 1690 900 1721 reuerentiam

155 1793 228 1841 ’ἤδη
254 1796 419 1842 μενόντων
444 1799 544 1835 ἐστίν.
593 1804 633 1834 cf.
650 1803 730 1844 Agr.
751 1805 810 1835 15:
836 1805 902 1835 iam
924 1804 1023 1844 ipsos,

157 1855 245 1895 quod
266 1857 490 1897 daffim'llimum
502 1861 617 1899 siser-it,
643 1861 838 1892 deliberare:
866 1871 968 1902 porro
991 1863 1026 1893 in

157 1913 312 1945 eiusmodi
341 1916 483 1948 comdiis
507 1917 720 1957 periculosius
743 1929 809 1950 esse
833 1919 1028 1959 deprehendi

157 1980 252 2009 quam
275 1972 406 2004 audere.
452 1973 520 2005 Cic.
547 1976 601 2006 off.
628 1977 647 2006 3
673 1976 693 2016 g
711 1977 753 2008 3⁷
788 1977 822 2007 in
845 1977 919 2016 ipsa
943 1978 1025 2008 enim

158 2028 352 2061 dubitatione
371 2030 511 2070 facinus
534 2032 631 2072 imst,
664 2033 759 2064 etiam
784 2034 813 2064 si
835 2035 883 2065 ad
903 2035 940 2066 id
961 2045 1024 2066 non

150 2087 363 2125 pervenerint.

204 2146 258 2177 78.
305 2155 460 2186 responsa
492 2147 610 2187 vatum]
645 2148 685 2178 cf.
715 2151 750 2186 1,
778 2150 828 2180 10.
864 2150 896 2188 2,
921 2151 952 2180 4.
979 2168 1023 2172 —

149 2200 347 2246 praescium]
372 2203 532 2235 Praetulit
555 2204 664 2236 nobile
688 2204 885 2236 vocabulum
909 2206 1023 2237 humili

154 2259 282 2290 harioli.
308 2279 351 2283 —
374 2261 584 2292 recursabant
605 2260 724 2306 animo]
759 2262 801 2294 cf.
825 2263 923 2303 Verg.
941 2265 1023 2295 Aen.

153 2318 188 2357 4,
212 2317 233 2348 3
269 2317 369 2349 multa
391 2318 457 2349 viri
477 2319 578 2350 virtus
602 2321 709 2351 animo
733 2338 777 2344 —-
801 2326 954 2352 recursat.
980 2340 1020 2345 -——

153 2378 259 2405 vetera
282 2376 399 2417 οηιὺια]
433 2377 475 2408 cf.
501 2376 633 2408 Curtius
658 2379 689 2417 3,
717 2380 748 2416 3,
774 2379 792 2410 6
818 2382 924 2409 vetera
948 2388 1022 2418 quo-

155 2441 214 2470 que
237 2431 353 2471 omz'na,
377 2437 411 2464 ut
424 2435 510 2473 jere,
536 2433 716 2466 sodicitudo
739 2440 954 2467 revocaverat.
977 2453 1021 2459 ——

155 2486 265 2532 latior]
289 2490 411 2521 Triller
426 2491 558 2523 volebat
573 2493 699 2531 laetior,
724 2493 800 2532 quia
815 2492 903 2525 Suet.
918 2494 1019 2534 Vesp.

157 2546 178 2576 5
202 2546 243 2577 de
267 2547 382 2579 eodem
411 2552 562 2588 portento
592 2550 727 2582 viridior
759 2561 800 2581 ac
827 2551 953 2589 firmior
974 2561 1021 2581 re-

155 2604 300 2635 mrreaeit.
351 2605 474 2637 Verum
491 2607 622 2639 Tacitus
639 2609 823 2648 exprimere
839 2609 946 2639 voluit
963 2608 1019 2640 Gr.
1036 2641 1038 2647 ⁴

153 2654 445 2705 α’μφιλαφεστέρα.
487 2664 528 2695 cf.
555 2665 652 2696 etiam
677 2666 742 2696 Dio
768 2667 830 2705 66,
859 2669 887 2697 1.
937 2666 1020 2697 Tril—

154 2719 216 2750 leri
240 2720 427 2752 coniectura
459 2721 608 2753 fimatur
632 2721 737 2753 Curtii
764 2723 836 2754 loeo
862 2724 892 2761 6,
918 2724 950 2763 5,
977 2725 1018 2754 14

151 2774 300 2808 laetibres
323 2778 425 2809 virent
447 2779 560 2810 trunci.
584 2797 629 2803 —-
661 2779 877 2821 haruspicum]
903 2779 1020 2820 Cogita

155 2841 220 2865 11011
255 2834 295 2866 (10
327 2835 468 2875 publicis
502 2836 619 2878 (Inscr.
653 2847 695 2868 111.
720 2837 792 2868 Lat.
818 2838 890 2868 NN.
918 2837 1016 2869 2292.

155 2889 278 2932 2299),
302 2894 359 2925 sed
384 2894 424 2926 de
447 2894 507 2933 iis,
533 2895 588 2933 qui
612 2894 820 2934 disciplinam
844 2904 936 2926 suam
960 2904 1019 2934 per

154 2949 329 2989 municipia
368 2955 401 2983 et
439 2952 584 2983 colonias
626 2951 842 2990 exercebant,
890 2955 926 2982 ut
969 2954 1036 2982 esti

154 3002 345 3046 HARuapeae
357 3005 533 3040 C'OLom‘ae
549 3009 650 3040 Inscr.
665 3019 706 3040 m.
721 3009 792 3039 Lat.
805 3009 846 3039 N.
862 3009 960 3041 2300.
973 3026 1017 3031 —

152 3061 372 3107 triumphalia]
405 3065 438 3103 4,
462 3067 484 3097 4
507 3065 715 3106 triumphalia
738 3065 777 3096 de
799 3065 879 3096 bello
905 3065 1019 3095 civium

154 3119 242 3151 data.
288 3121 367 3160 Agr.
391 3122 435 3153 40
458 3122 665 3163 triumphalia
688 3127 886 3154 ornamenta.
932 3123 1018 3153 Ann.

156 3179 170 3208 1
186 3200 195 3216 ,
233 3179 273 3209 72
313 3177 520 3218 triumphalia
553 3180 703 3219 insiqm‘a.
739 3198 783 3204 -—·
811 3168 1017 3222 ι(1071(ηιῑαιτιε]

155 3234 242 3266 Suet.
266 3234 365 3274 Vesp.
391 3236 429 3266 4:
455 3233 529 3279 (sub
554 3236 690 3268 Claudio
714 3247 742 3268 a.
762 3247 792 3268 u.
814 3238 877 3269 804
903 3246 934 3276 p.
955 3235 1016 3267 Ch.

154 3289 212 3334 6¹)
238 3290 442 3329 consulatum,
468 3302 557 3331 quem
579 3295 676 3333 qem't
694 3304 755 3334 per
779 3294 858 3324 duos
882 3293 1016 3323 novissi·

152 3357 219 3379 mos
253 3347 333 3379 anni
360 3357 488 3380 memes.
520 3367 564 3373 —
596 3348 775 3393 videbatur]
810 3350 850 3381 de
882 3359 1016 3380 numero

153 3405 310 3446 singulari
334 3405 375 3437 cf.
401 3414 427 3436 c.
447 3407 490 3438 ⁷0
514 3406 640 3446 subiret,
668 3410 698 3446 1,
723 3408 765 3439 '16
788 3406 946 3437 manebat.
972 3422 1015 3427 -—

1061 1805 1217 1836 Iucbzeam
1239 1803 1334 1849 inter]
1372 1805 1412 1836 de
1445 1805 1644 1845 anastrophe
1678 1806 1930 1845 praepositionis

1061 1863 1102 1893 cf.
1120 1863 1248 1901 Drc'iyer
1263 1861 1354 1901 Synt.
1373 1862 1394 1902 ᾖ
1413 1863 1489 1900 225,
1510 1865 1540 1894 3.
1567 1880 1612 1885 -
1637 1861 1812 1906 Carmelus]
1835 1874 1929 1894 mons

1061 1920 1234 1950 continuus
1259 1919 1449 1950 Antilibano
1474 1919 1702 1959 (sv'ae'dwestliche
1727 1922 1933 1960 For-tsetzunq

1059 1976 1221 2015 Forbiger
1246 1976 1446 2016 Oeoyraphie
1477 1977 1518 2007 11.
1543 1987 1577 2017 p.
1595 1979 1636 2009 67
1642 1976 1699 2018 8),
1736 1978 1823 2008 haud
1856 1988 1932 2008 con-

1061 2034 1247 2064 fundendus
1267 2043 1340 2064 cum
1364 2034 1552 2073 cognomini
1575 2038 1686 2065 monte
1709 2035 1743 2065 in
1767 2035 1862 2066 litore
1878 2044 1930 2065 oc-

1060 2091 1214 2121 cidentali
1237 2091 1337 2121 maris
1361 2091 1480 2122 mortui
1505 2091 1576 2122 sive
1593 2092 1684 2122 lacus
1701 2092 1929 2131 Asphaltitae3

1059 2148 1113 2178 hic
1149 2148 1183 2178 in
1223 2147 1311 2178 tribu
1345 2149 1447 2187 Iuda,
1486 2148 1542 2179 1110
1581 2148 1740 2180 celebrior
1775 2149 1809 2179 in
1842 2148 1930 2179 tribu

1058 2204 1193 2235 Ascher.
1241 2205 1293 2235 De
1332 2205 1422 2236 cultu
1461 2205 1514 2235 dei
1549 2204 1691 2236 Carmeli
1732 2205 1773 2236 cf.
1810 2205 1928 2236 Baum-

1059 2261 1325 2301 garten—Crusius
1349 2262 1391 2292 ad
1416 2261 1504 2293 Suet.
1531 2261 1633 2302 Vesp.
1659 2263 1698 2302 5,
1725 2263 1780 2301 qui
1804 2262 1928 2293 accedit

1059 2319 1158 2350 Bosio
1193 2322 1264 2349 rato
1298 2319 1399 2350 fuisse
1434 2319 1698 2359 superstitionem
1731 2319 1926 2350 Iudaeorum

1058 2376 1100 2406 ad
1123 2375 1340 2406 imitationem
1373 2385 1540 2407 sacrorum
1564 2376 1597 2406 111
1621 2377 1744 2415 templo
1769 2377 1925 2408 Hieroso-

1057 2432 1216 2473 lymitano
1248 2433 1430 2464 institutam
1454 2436 1486 2464 01
1509 2436 1662 2473 corrupto
1697 2436 1844 2472 tempore
1878 2435 1925 2464 rei

1057 2489 1206 2529 publicae
1241 2489 1394 2521 Iudaicae
1433 2493 1543 2521 sancte
1584 2490 1803 2522 observatam.
1861 2491 1924 2522 Sed

1058 2557 1178 2578 novam
1217 2547 1377 2577 rationem
1423 2547 1496 2577 iniit
1533 2547 1763 2587 sagacissimus
1801 2547 1923 2587 Hitzig,

1056 2604 1183 2643 collega
1198 2613 1291 2634 meus
1308 2603 1602 2643 coniunctissimus,
1625 2604 1842 2643 Uryeschichte
1858 2604 1926 2634 und

1058 2660 1248 2701 mythologie
1265 2660 1321 2691 der
1336 2660 1516 2691 Philz‘sxtaer.
1541 2660 1672 2701 Leipzig]
1690 2663 1789 2694 1845.
1807 2671 1838 2702 p.
1857 2662 1923 2693 285

1057 2728 1164 2757 seqq.,
1191 2718 1246 2757 qui
1270 2718 1528 2749 demonstratum
1551 2717 1613 2748 ivit
1637 2728 1731 2757 „esse
1754 2719 1815 2750 boc
1839 2718 1922 2749 anti-

1057 2785 1156 2815 quum
1180 2775 1432 2806 Philistaeorum
1456 2784 1599 2814 numen,
1635 2778 1668 2806 01
1691 2775 1822 2814 quidem
1845 2785 1920 2815 pro-

1055 2832 1210 2864 babiliter
1233 2833 1320 2864 idem
1344 2835 1441 2871 atque
1465 2832 1599 2877 Civem,
1638 2831 1734 2863 deum
1766 2831 1922 2863 videlicet

1054 2889 1142 2928 belli,
1154 2889 1293 2920 bellicae
1306 2888 1468 2927 fortunae,
1481 2888 1586 2919 omnis
1600 2888 1749 2919 fortunae
1761 2885 1806 2931 (p.
1821 2887 1920 2931 294);

1055 2947 1146 2978 nullo
1178 2946 1277 2986 igitur
1309 2947 1406 2978 modo
1441 2946 1594 2986 coniungi
1629 2954 1726 2985 posse
1751 2954 1823 2976 cum
1847 2946 1919 2985 ipso

1054 3004 1197 3035 lehovae
1232 3004 1355 3034 cultu.“
1400 3002 1514 3041 anue
1551 3003 1602 3033 dei
1640 3002 1766 3042 species
1800 3002 1922 3034 bellica

1054 3060 1185 3101 egregie
1210 3060 1361 3099 congruit
1383 3069 1456 3091 011111
1473 3059 1668 3099 Vespasiani
1691 3059 1825 3090 consilio
1850 3059 1920 3091 bel-

1053 3119 1120 3149 lum
1144 3117 1330 3157 incipiendi.
1354 3135 1398 3139 —
1422 3127 1485 3146 ara
1517 3120 1638 3147 tantum
1671 3120 1701 3146 et
1730 3116 1919 3157 reverentia]

1054 3175 1086 3214 5,
1112 3176 1131 3206 5
1159 3174 1275 3205 11ιᾶαεὶ
1296 3178 1395 3203 mente
1420 3173 1492 3204 sola
1514 3183 1668 3212 unumque
1691 3183 1804 3204 numen
1828 3174 1918 3204 inteb-

1052 3233 1166 3271 lefflmt.
1214 3230 1325 3262 Germ.
1353 3233 1372 3263 9
1413 3235 1562 3261 secretum
1595 3230 1693 3269 illud,
1732 3230 1818 3270 quod
1849 3230 1919 3262 sola

1052 3289 1228 3320 reverentia
1251 3288 1365 3318 vident.
1391 3304 1435 3311 —
1472 3285 1652 3331 Basilides]
1677 3288 1760 3319 alius
1782 3298 1802 3319 a
1825 3287 1917 3319 Basi-

1033 3346 1117 3377 ¹lide
1149 3345 1315 3385 Aegyptio
1348 3347 1390 3385 4,
1417 3345 1470 3376 82.
1504 3362 1547 3367 —-
1582 3344 1731 3385 imper-tia
1755 3362 1799 3367 —
1822 3343 1914 3387 extio]

1052 3403 1267 3443 Extispicium
1291 3411 1369 3433 sane
1393 3411 1528 3441 prorsus
1552 3402 1693 3433 alienum
1716 3411 1736 3432 a
1757 3401 1915 3441 religione
