2176 3672
670 274 845 318 unna
872 274 944 318 1v.
1003 275 1103 330 Cap.
1137 277 1206 319 48.
1237 275 1305 319 49.
1337 276 1405 319 50.
1845 274 1930 317 499

157 392 295 443 iussit,
324 391 440 434 haud
468 389 647 444 perinde
677 401 754 442 spe
784 390 897 432 vitae
930 402 1054 443 quam
1087 390 1151 432 ira
1180 391 1222 432 in
1252 402 1560 444 percussorem,
1596 391 1709 444 quod
1737 390 1848 433 idem
1880 400 1932 432 ex

157 469 500 516 interfectoribus
528 467 669 511 Clodii
701 467 834 511 Macri
869 472 1068 511 cruentas
1098 469 1227 523 legati
1258 470 1462 524 sanguine
1493 480 1644 512 manus
1673 470 1729 512 ad
1761 470 1932 513 caedem

159 549 424 607 proconsulis
454 547 704 592 rettulisset.
754 549 880 591 anxio
909 549 1063 591 deinde
1094 550 1233 592 edicto
1263 549 1684 603 Carthaginiensibus
1714 548 1934 601 increpitis

159 641 214 672 ne
241 627 370 672 solita
399 627 570 682 quidem
600 626 748 668 munia
785 626 1033 680 usurpabat,
1065 627 1231 670 clausus
1252 628 1366 670 intra
1385 629 1568 681 domum,
1598 640 1652 670 ne
1681 639 1764 681 qua
1795 630 1935 669 motus

159 710 260 752 novi
289 719 420 751 causa
449 707 517 751 vel
556 706 668 749 forte
709 711 910 748 oreretur.
975 705 1068 759 (50)
1111 707 1187 749 sed
1227 706 1298 749 ubi
1339 707 1464 749 Festo
1494 707 1780 749 consternatio
1810 705 1936 759 volgi,
1951 722 1970 750 o

161 787 421 832 centurionis
451 786 707 840 supplicium
740 798 925 840 veraque
956 791 998 828 et
1028 785 1136 829 falsa
1157 799 1272 830 more
1302 781 1440 830 famae
1471 788 1514 829 in
1546 788 1682 829 maius
1702 787 1935 837 innotuere,

161 869 328 924 equites
357 868 401 910 in
432 879 578 911 necem
599 866 767 910 Pisonis
800 867 948 909 mittit.
980 866 1042 909 illi
1072 867 1224 920 raptim
1257 868 1368 910 vecti
1397 866 1576 910 obscuro
1606 866 1744 909 adhuc
1764 870 1939 918 coeptae

161 948 269 992 lucis
289 948 460 990 domum
480 947 747 1001 proconsulis
775 947 1024 1000 inrumpunt
1053 947 1270 989 destrictis
1299 947 1453 1000 gladiis
1483 951 1529 989 et
1562 958 1715 999 magna
1734 956 1836 998 pars
1868 942 1937 986 Pi-

162 1028 279 1072 sonis
307 1027 461 1083 ignari,
482 1027 596 1082 quod
618 1027 782 1070 Poenos
807 1026 1037 1069 auxiliares
1058 1026 1314 1080 Maurosque
1333 1026 1375 1068 in
1397 1038 1489 1068 eam
1514 1025 1686 1068 caedem
1707 1023 1938 1076 delegerat.

161 1108 278 1151 haud
306 1106 455 1162 procul
485 1105 676 1149 cubiculo
705 1105 878 1148 obvium
917 1104 1031 1148 forte
1059 1117 1241 1158 servum,
1283 1104 1480 1159 quisnam
1510 1110 1553 1147 et
1583 1103 1653 1146 ubi
1683 1108 1798 1146 esset
1826 1102 1938 1153 Piso,
1958 1099 1998 1142 ἰο

162 1188 500 1242 interrogavere:
545 1199 694 1230 servus
732 1186 903 1239 egregio
952 1185 1172 1228 mendacio
1203 1197 1249 1227 se
1277 1184 1475 1227 Pisonem
1518 1195 1611 1226 esse
1643 1182 1861 1236 respondit
1891 1193 1940 1224 ac

165 1269 312 1312 statim
342 1267 634 1311 obtruncatur.
663 1279 743 1309 nec
773 1266 906 1308 multo
931 1270 1031 1319 post
1052 1264 1150 1308 Piso
1170 1263 1446 1307 interficitur:
1476 1276 1656 1317 namque
1677 1263 1839 1313 aderat,
1870 1261 1941 1315 qui

166 1351 374 1402 nosceret,
403 1347 587 1391 Baebius
607 1346 750 1389 Massa
783 1359 807 1389 e
838 1344 1185 1399 procuratoribus
1218 1343 1397 1397 Africae,
1428 1345 1511 1386 iam
1543 1348 1644 1386 tunc
1665 1342 1824 1396 optimo
1854 1340 1942 1383 cui-

166 1441 247 1485 que
260 1428 465 1472 exitiosus
478 1431 524 1471 et
537 1427 650 1470 inter
665 1438 817 1469 causas
842 1425 1062 1470 malorum.
1078 1437 1187 1479 quae
1202 1438 1298 1467 mox
1318 1424 1507 1476 tulimus,
1526 1423 1694 1477 saepius
1716 1421 1943 1464 rediturus.

166 1509 322 1554 Festus
353 1509 603 1560 Adrumeto,
631 1506 705 1550 ubi
734 1489 1079 1561 speculabundus
1110 1504 1375 1557 substiterat,
1404 1505 1460 1546 ad
1490 1504 1696 1557 legionem
1728 1500 1945 1544 contendit
1962 1507 2000 1536 1⁵

165 1588 514 1644 praefectumque
544 1591 784 1630 castrorum
813 1573 1086 1629 Caetronium
1108 1584 1309 1627 Pisanum
1342 1584 1490 1626 vinciri
1519 1583 1645 1626 iussit
1664 1581 1859 1636 proprias
1890 1578 1943 1620 ob

169 1667 422 1722 simultateS,
443 1668 520 1712 sed
540 1667 707 1711 Pisonis
727 1666 954 1710 satellitem
988 1665 1178 1716 vocabat,
1209 1664 1447 1718 militesque
1468 1668 1512 1707 et
1532 1663 1799 1706 centuriones
1821 1671 1946 1714 quos-

169 1749 267 1792 dam
296 1748 448 1803 puniit,
479 1748 586 1791 alios
614 1748 815 1802 praemiis
851 1745 1024 1798 adfecit,
1064 1749 1261 1788 neutrum
1292 1757 1344 1787 ex
1375 1744 1542 1795 merito,
1584 1743 1661 1785 sed
1690 1747 1740 1783 ut
1769 1740 1944 1794 obpres-

171 1830 277 1872 sisse
304 1828 462 1872 bellum
481 1829 743 1871 crederetur.
774 1839 871 1868 mox
893 1826 1119 1869 Oeensium
1141 1824 1546 1877 Leptitanorumque
1567 1820 1802 1864 discordias
1833 1831 1945 1862 com-

170 1910 305 1964 ponit,
335 1892 445 1964 quae
475 1914 604 1962 raptu
635 1907 805 1961 frugum
838 1911 882 1950 et
911 1918 1110 1960 pecorum
1141 1905 1252 1948 inter
1284 1906 1474 1957 agrestes
1504 1902 1680 1944 modicis
1710 1899 1944 1953 principiis,
1963 1907 2004 1937 20

171 1991 255 2034 iam
285 2002 364 2044 per
384 2002 503 2032 arma
522 1993 652 2044 atque
674 1989 788 2032 acies
809 1986 1126 2030 exercebantur.
1158 1997 1254 2028 nam
1276 1983 1459 2037 populus
1479 1982 1657 2024 Oeensis
1678 1978 1946 2021 multitudine

311 2164 331 2195 3
356 2164 519 2203 pro'csulis
542 2172 581 2192 ex
604 2162 758 2201 procsule
781 2169 862 2191 corr.
891 2163 950 2190 lm.

173 2217 282 2250 masse

173 2255 261 2288 Am.
294 2257 325 2295 1,
360 2256 420 2294 44)

175 2345 372 2380 Omnium
495 2348 536 2378 21
563 2346 696 2376 offensis

178 2518 271 2542 suam
294 2507 328 2539 in
352 2505 540 2547 perniciem.
575 2514 714 2536 >sensus
736 2505 810 2536 h.1.
827 2506 889 2543 est,
913 2502 1051 2533 centuri-

179 2575 274 2598 onem
309 2563 499 2604 vulg-visse
531 2564 633 2594 laetas
667 2562 742 2593 illas
776 2569 873 2592 voces
908 2560 950 2590 ad
985 2563 1051 2589 ten-

179 2619 315 2655 tandum
333 2620 464 2652 Pisonis
488 2620 645 2658 animum,
670 2624 716 2660 ut,
741 2619 769 2650 si
794 2617 936 2648 alacrem
954 2616 1051 2646 vidis—

179 2685 227 2711 set
263 2682 478 2718 paratumque
515 2677 557 2707 ad
593 2675 830 2716 capessendum
868 2673 1049 2712 imperium,

398 2212 438 2242 14
462 2210 548 2239 inter
579 2205 674 2238 Weoe:
697 2207 729 2237 in
754 2204 801 2250 (in
827 2206 934 2236 causis
959 2205 998 2235 L.
1024 2160 1221 2243 Spgngsspos

559 2255 600 2284 18
635 2253 741 2291 puniit
773 2251 881 2294 (punit
915 2260 1078 2290 suprascr.
1115 2250 1191 2283 2m.)

104 2299 108 2303 ’
177 2301 218 2333 1⁹
244 2300 422 2354 Oeensium
445 2300 595 2341 Lipsius:
618 2299 758 2329 offensifi
851 2297 1129 2335 lepcitanorumq3

1611 2153 1652 2183 13
1678 2152 1787 2182 Massa
1813 2159 1830 2180 e
1855 2149 1947 2180 dea..-

1656 2199 1696 2228 16
1721 2196 1866 2226 cetroniu
1889 2193 1947 2236 (cs.

1330 2157 1370 2185 12
1398 2162 1503 2192 uanq3

1298 2203 1338 2231 15
1364 2196 1533 2241 adrimelto

1332 2244 1432 2287 18s1⁹
1470 2240 1674 2283 obfiressisse
1713 2240 1806 2284 (nota
1839 2237 1948 2281 eran)

1231 2294 1274 2324 20
1298 2293 1394 2331 rapti
1419 2288 1539 2333 (notam
1564 2288 1622 2319 del.
1641 2290 1716 2324 lm.)
1809 2291 1842 2316 ut
1866 2287 1950 2316 inter

1088 2504 1217 2530 casatus
1253 2507 1272 2527 a
1308 2496 1440 2527 Baetica
1476 2493 1658 2534 provincia,
1694 2492 1785 2522 cuius
1822 2499 1951 2521 causam

1088 2561 1225 2595 egerunt
1250 2553 1385 2584 Senecio
1417 2556 1449 2583 et
1473 2550 1600 2580 Plinius
1634 2548 1751 2579 iunior.
1793 2547 1871 2585 Agr.
1896 2546 1952 2577 45.

1089 2613 1173 2643 Plin.
1200 2611 1280 2650 Epp.
1308 2612 1339 2648 8,
1364 2610 1394 2639 4.
1413 2609 1444 2647 6,
1470 2608 1523 2638 29.
1548 2609 1579 2644 7,
1606 2607 1656 2638 33.
1683 2603 1828 2634 luvenal.
1850 2605 1880 2639 1,
1899 2604 1951 2632 35.

1088 2671 1174 2700 [ζον.
1193 2686 1232 2690 -
1260 2678 1276 2696 e
1296 2663 1559 2705 procuratoribus
1584 2658 1736 2703 Africae]
1762 2660 1849 2690 idem
1866 2658 1951 2697 quod

179 2734 415 2768 conscientiam
450 2732 596 2763 criminis
627 2732 662 2763 in
697 2742 736 2763 eo
770 2731 876 2770 magis
901 2732 1051 2769 argueret
1083 2730 1275 2767 procurator
1295 2722 1443 2762 Africae,
1468 2726 1503 2751 ut
1529 2719 1658 2759 scripsit
1675 2717 1772 2748 editio
1790 2716 1951 2755 princeps.

182 2798 215 2825 et
249 2793 296 2824 sic
330 2790 447 2822 iustius
479 2799 517 2821 ac
551 2790 675 2820 maiore
715 2788 856 2819 ludibrio
891 2796 964 2819 eum
1000 2795 1052 2816 oc·
1088 2801 1130 2807 —
1149 2781 1232 2822 moes]

181 2850 324 2890 eideret3
356 2847 510 2878 Pisonem
545 2852 653 2877 autem
687 2846 818 2884 cognito
852 2843 1052 2875 centurionis

181 2906 260 2938 dolo
283 2905 418 2936 iussisse
442 2903 476 2933 in
501 2913 575 2934 eum
599 2902 852 2934 animadverti.‹
880 2901 1051 2931 chnsna.

184 2979 225 2986 —
252 2960 358 2993 modis·
382 2959 500 3000 Macri]
525 2960 565 2990 de
589 2969 654 2998 quo
682 2962 712 2997 1,
739 2960 769 2990 ⁷.

231 3019 284 3051 50.
325 3014 551 3059 condem]
577 3022 613 3047 ut
640 3019 668 3053 1,
693 3016 747 3047 83.
773 3016 804 3054 2,
829 3015 883 3046 49.
911 3016 996 3042 Anu.
1025 3015 1052 3049 1,

187 3078 247 3108 ὅθι
270 3074 386 3106 audac
409 3058 678 3112 cenomanen&
714 3071 860 3111 agitatio,
885 3069 1052 3104 tumultus,

185 3141 363 3163 concursus
398 3131 431 3161 in
470 3130 575 3160 forum
612 3139 651 3160 ex
685 3128 842 3165 instinctu
876 3131 908 3157 et
941 3125 1054 3155 fraude

187 3187 400 3219 centurionis·
417 3204 457 3210 ——
478 3186 634 3225 quisnam]
660 3186 730 3217 scil.
748 3189 833 3215 esset
850 3183 906 3212 ille
924 3181 1051 3211 obvius.

1259 2780 1319 2811 sub
1336 2778 1536 2809 Domitiano.
1557 2793 1598 2799 —
1627 2770 1809 2814 Adrumeto]
1833 2767 1953 2811 ’Δδρῦ-

1089 2850 1167 2881 μης,
1191 2833 1406 2878 Ἀδρύμητος
1441 2834 1597 2873 oppidum
1631 2831 1760 2862 Africae
1798 2827 1950 2867 propriae

1088 2897 1157 2926 sive
1196 2891 1480 2933 septentrionalis,
1527 2889 1577 2919 cui
1617 2893 1729 2927 postea
1772 2893 1953 2921 cognomen

1087 2949 1257 2990 Σώζουσα
1282 2948 1421 2979 inditum
1446 2952 1507 2983 est,
1544 2945 1629 2975 unde
1655 2943 1751 2973 hodie
1788 2940 1884 2977 Sana,
1911 2941 1952 2970 cf.

1089 3009 1218 3048 Κίρραν-ί
1248 3006 1267 3045 ἓ
1295 3006 1367 3035 197.
1406 3021 1448 3027 -
1489 2997 1665 3042 Oeensium]
1691 2999 1801 3038 populi
1826 2996 1954 3027 Africae

1089 3067 1173 3096 inter
1199 3062 1315 3101 Leptin
1342 3069 1492 3097 maguam
1518 3065 1549 3089 et
1565 3058 1676 3096 Syrtin
1702 3055 1870 3089 minorem,
1898 3052 1951 3081 ubi

1091 3124 1119 3152 h.
1149 3119 1278 3159 Tripoli.
1305 3118 1401 3147 Silius
1428 3118 1458 3152 3,
1484 3116 1568 3146 256:
1606 3113 1813 3149 &namq-ue
1849 3109 1955 3147 Leptis

1091 3179 1215 3215 Oeaque
1261 3173 1446 3204 Trinacrios
1482 3171 1574 3210 Afris
1615 3168 1774 3209 pomino
1821 3166 1955 3199 colono..

187 3263 231 3269 —
266 3243 391 3284 eureyio
424 3239 603 3285 mendacio]
643 3242 684 3273 cf.
707 3241 863 3271 Horatius
889 3238 996 3268 earm.
1023 3236 1054 3276 3,
1094 3252 1131 3256 -
1173 3226 1482 3271 Lepcitanorumque]
1525 3227 1636 3265 Leptis
1684 3233 1818 3261 magna,
1861 3223 1955 3251 hodie

192 3305 244 3340 11,
270 3301 312 3331 35
339 3299 394 3339 (de
418 3298 690 3339 Eypermnestra)
726 3296 885 3338 splendide
908 3293 1054 3324 mendax.
1093 3290 1211 3326 Labda,
1237 3289 1277 3318 cf.
1307 3286 1433 3325 Κῶμον-ι
1456 3285 1475 3324 ξ
1503 3284 1575 3314 198.
1602 3282 1681 3312 Sall.
1707 3281 1775 3318 lug.
1799 3290 1827 3311 c.
1860 3281 1908 3312 1⁹.
1935 3281 1954 3310 3

194 3376 230 3380 —-
261 3355 399 3387 Baebius
427 3355 551 3396 Manna]
578 3355 814 3386 famosissimus
838 3353 975 3382 delator.
1002 3359 1055 3379 ac·
1073 3347 1188 3387 luitura
1206 3344 1314 3383 Syrus
1339 3343 1478 3379 inurqiae
1501 3349 1554 3370 eas
1574 3338 1694 3378 Leptin)
1718 3347 1745 3369 c.
1767 3337 1808 3368 77
1827 3346 1875 3374 sq.
1915 3353 1951 3358 --
