2176 3672
725 269 896 313 LIBER
924 269 999 314 IV.
1058 270 1157 324 Cap.
1189 270 1255 313 80.
1287 270 1354 313 81.
1385 270 1453 313 82.
1886 269 1968 312 527

181 387 371 429 «inanum
401 395 542 437 aeger,
570 384 721 426 eodem
750 385 831 427 deo
870 387 1059 436 auctore,
1099 389 1148 426 ut
1185 385 1292 437 pede
1321 396 1372 427 ac
1401 383 1582 437 vestigio
1612 384 1807 427 Caesaris
1836 383 1971 426 calca-

181 466 322 508 retur
350 463 515 506 orabat.
559 462 851 516 Vespasianus
879 464 1016 517 primo
1046 464 1229 506 inridere
1259 463 1501 517 aspernari;
1540 467 1669 517 atque
1697 462 1782 506 illis
1810 462 1972 505 instan-

198 542 464 599 tibuanodo
474 541 638 585 famam
659 542 863 585 vanitatis
882 547 1085 594 metuere,
1116 544 1239 584 modo
1260 542 1549 586 obsecratione
1569 543 1755 596 ipsorum
1786 545 1831 585 et
1859 541 1973 584 voci-

198 623 280 667 bus
318 622 585 665 adulantium
626 622 670 664 in
712 634 831 676 spem
870 622 1029 664 induci:
1071 628 1287 675 postremo
1327 623 1543 666 aestimari
1572 635 1600 664 a
1629 622 1803 665 medicis
1846 621 1973 670 iubet,

202 714 259 748 aa
278 702 381 746 talis
401 702 587 745 caecitas
616 714 666 745 ac
685 701 885 745 debilitas
905 715 985 755 ope
1005 701 1190 744 humana
1209 701 1473 756 superabiles
1503 701 1655 744 forent.
1685 700 1838 744 medici
1857 700 1975 743 varie
1988 709 2008 739 5

200 781 441 827 disserere:
481 780 579 824 huic
620 794 703 824 non
744 793 913 824 exesam
953 782 1036 823 vim
1078 781 1249 824 luminis
1287 786 1330 824 et
1360 782 1610 834 redituram,
1651 782 1687 823 si
1717 780 1976 834 pellerentur

183 861 438 915 obstantia3
467 861 531 904 illi
559 861 728 915 elapsos
756 861 801 903 in
830 873 1008 914 pravum
1039 865 1171 913 artus,
1201 862 1239 903 si
1268 861 1448 904 salubris
1469 861 1533 903 vis
1553 860 1817 913 adhibeatur,
1847 870 1974 913 posse

198 941 426 996 integram
457 941 503 984 id
522 939 708 983 fortasse
738 941 855 983 cordi
884 941 977 983 deis
1008 944 1051 983 et
1081 940 1225 983 divino
1256 941 1492 983 ministerio
1518 940 1749 993 principem
1771 939 1973 990 electum;

199 1022 384 1077 denique
412 1020 577 1075 patrati
605 1020 783 1063 remedii
812 1019 991 1074 gloriam
1023 1032 1153 1073 penes
1174 1020 1409 1072 Caesarem,
1439 1019 1557 1061 inriti
1588 1018 1815 1061 ludibrium
1844 1029 1977 1071 penes

196 1102 382 1150 miseros
410 1099 515 1144 fore.
554 1100 687 1154 igitur
715 1099 1004 1153 Vespasianus
1034 1104 1185 1142 cuncta
1213 1099 1408 1141 fortunae
1437 1111 1541 1141 suae
1570 1102 1719 1151 patere
1748 1102 1870 1140 ratus
1898 1108 1976 1139 nec
1991 1105 2033 1135 ιο

200 1182 429 1238 quiequam
457 1180 572 1223 ultra
599 1178 860 1232 incredibile,
892 1179 1005 1222 laeto
1034 1180 1128 1232 ipse
1149 1179 1282 1230 voltu,
1312 1183 1455 1221 erecta
1474 1190 1583 1231 quae
1612 1176 1811 1220 adstabat
1831 1175 1976 1219 multi-

201 1262 366 1313 tudine,
394 1261 515 1304 iussa
542 1260 775 1314 exequitur.
836 1260 982 1302 statim
1014 1271 1216 1302 conversa
1245 1259 1300 1300 ad
1330 1270 1451 1300 usum
1482 1270 1645 1309 manus,
1675 1268 1725 1299 ac
1754 1267 1879 1300 caeco
1910 1267 1976 1298 re-

204 1342 318 1387 luxit
345 1341 450 1385 dies.
496 1345 736 1393 utrumque,
766 1340 837 1393 qui
866 1337 1111 1389 interfuere,
1141 1351 1252 1380 nunc
1281 1350 1446 1392 quoque
1476 1339 1723 1387 memorant,
1752 1340 1976 1389 postquam

202 1420 368 1467 nullum
398 1421 623 1464 mendacio
651 1420 851 1474 pretium.

242 1501 356 1556 (82)
394 1502 534 1544 Altior
562 1502 662 1544 inde
683 1499 949 1553 Vespasiano
983 1499 1137 1551 cupido
1167 1498 1353 1540 adeundi
1383 1509 1547 1539 sacram
1577 1496 1733 1547 sedem,
1773 1499 1822 1536 ut
1850 1505 1980 1546 super
1996 1506 2034 1535 15

205 1582 335 1626 rebus
363 1581 535 1636 imperii
563 1581 816 1624 consuleret.
875 1582 1012 1624 arceri
1041 1577 1199 1632 templo
1229 1582 1400 1620 cunctos
1430 1576 1560 1618 iubet.
1608 1579 1738 1628 atque
1764 1575 1980 1627 ingressus

204 1662 481 1716 intentusque
520 1662 683 1704 numini
723 1661 914 1714 respexit
955 1672 1066 1714 pone
1106 1663 1270 1710 tergum
1310 1669 1334 1698 e
1373 1654 1629 1709 primoribus
1673 1653 1978 1707 Aegyptiorum

204 1742 375 1786 nomine
416 1741 645 1793 Basiliden,
685 1753 810 1795 quem
851 1739 998 1794 procul
1029 1737 1286 1781 Alexandria
1324 1735 1511 1789 plurium
1554 1735 1718 1777 dierum
1758 1733 1908 1775 itinere
1938 1737 1982 1772 et

821 1903 839 1933 7
866 1900 933 1930 uis.
948 1922 955 1929 .
980 1896 1120 1941 (syllaba
1137 1897 1176 1926 ad
1193 1905 1300 1933 erasa,
1318 1904 1398 1933 quae
1422 1893 1468 1924 bis
1485 1894 1606 1931 scripta
1621 1891 1703 1934 erat)
1779 1894 1798 1922 8
1815 1892 1982 1928 integrare

1322 1942 1340 1971 9
1367 1949 1467 1979 penes
1491 1939 1576 1980 (item
1589 1936 1675 1979 post)
1768 1939 1806 1967 11
1833 1936 1981 1966 adstabat

1404 1987 1442 2015 14
1468 1982 1594 2015 ffidacio
1630 1987 1662 2024 (o
1695 1992 1733 2013 ex
1757 1985 1778 2012 ιῑ
1801 1991 1884 2012 eor-r.
1915 1978 1983 2022 lm.)

350 1905 373 1936 4
397 1903 544 1934 estimari
614 1903 634 1933 5
658 1902 751 1941 uarie

205 1947 256 1993 (re
270 1949 305 1981 ιἰι
319 1949 348 1981 ri
365 1958 450 1980 om.
469 1947 545 1986 ln.)
614 1947 704 1979 cordi
729 1948 780 1977 dei
805 1950 836 1986 (s
861 1956 962 1985 supra
984 1945 1040 1974 lin.
1057 1943 1133 1974 add.
1153 1939 1228 1981 lm.)

207 1999 313 2034 (aton
329 1999 388 2026 ant
411 2004 496 2026 corr.
522 1993 598 2034 las.)
712 1994 752 2024 13
778 1994 887 2032 utrt‘iq3
909 1990 959 2032 (ru
984 2000 1022 2020 ex
1047 1990 1073 2019 ri
1098 1998 1180 2018 corr.
1208 1986 1283 2026 lm.)

204 2041 277 2082 sitit-1
300 2040 337 2086 (ιῖ
360 2051 400 2072 ⁶ae
423 2050 443 2072 o
467 2051 553 2073 corr,
579 2038 656 2081 ln.)

206 2190 271 2222 hoe
303 2191 486 2230 usurpavit,
522 2194 558 2221 ut
593 2191 680 2221 Anu.
709 2189 760 2226 16,
786 2190 827 2218 4:
866 2187 993 2217 narium
1030 2195 1080 2215 eao-

206 2251 366 2280 Μ
381 2257 442 2287 pro
458 2257 560 2279 mou.
580 2264 622 2270 —
646 2255 774 2276 manum
790 2243 895 2284 anyer]
912 2244 1001 2274 Suet.
1019 2243 1029 2272 l
1061 2242 1080 2270 l.

209 2304 293 2336 haee
315 2308 429 2335 narrat
460 2305 501 2335 de
528 2303 661 2334 homine
685 2302 787 2333 debili
811 2310 915 2335 crure,
952 2308 1016 2328 non
1042 2299 1081 2327 de

209 2371 322 2394 mana.
345 2370 421 2392 cum
440 2361 554 2392 Tacito
579 2360 741 2391 consentit
767 2359 829 2388 Dio
854 2358 913 2388 1.1.
936 2356 1080 2387 Wamn.

209 2436 255 2443 -—·
291 2415 473 2461 mainan]
507 2417 590 2448 artis
618 2425 695 2447 suae
718 2414 901 2455 praeceptis
924 2413 1082 2443 consultis

209 2479 373 2516 reputare,
397 2474 592 2515 expendere,
618 2477 654 2504 ut
671 2474 703 2510 2,
720 2474 762 2504 ‘16
780 2470 947 2502 aestimare
963 2468 1083 2506 debent,

209 2543 256 2564 m
279 2532 366 2573 quod
386 2532 554 2564 §nolum
574 2529 770 2569 reipublicae
792 2527 869 2558 utile
899 2543 932 2548 -—
962 2525 1014 2556 eit.
1041 2542 1082 2546 —

209 2584 556 2631 obpaonfitpram]
575 2586 777 2617 luxationem
795 2584 883 2614 dicit.
903 2577 1082 2623 —patereJ

212 2646 386 2678 nihiluon
418 2646 517 2677 licere
549 2645 697 2675 fortunae
732 2652 822 2679 suae,
858 2639 1000 2678 imagine
1030 2639 1082 2667 de-

211 2706 345 2743 sumpta
378 2712 398 2734 a
424 2706 521 2743 porta
553 2703 717 2739 reserata3
751 2698 943 2737 exquisitius
976 2700 1083 2726 autem

211 2764 263 2792 eat
284 2769 382 2800 quam
406 2758 551 2790 Ernestii
569 2766 702 2797 parere.
726 2756 802 2787 Liv.
831 2758 861 2793 l,
877 2756 932 2791 40,
951 2754 970 2784 8
996 2753 1026 2783 ei
1044 2769 1082 2774 —

216 2816 320 2848 moia
342 2817 439 2848 ctiam
462 2825 591 2854 requam
614 2813 731 2845 Bonae
750 2816 884 2852 pateret.
910 2811 977 2843 Cic.
1001 2809 1082 2839 Phil.

212 2874 245 2911 ⁶,
273 2874 314 2906 1⁶
337 2872 358 2912 ξ
380 2875 425 2905 43
461 2881 529 2903 aaa·
553 2870 661 2903 ansae
683 2870 732 2900 ad
749 2868 921 2909 perniciem
944 2870 1084 2895 maram

208 2929 367 2970 pesa-‘fero
392 2929 526 2961 sudavi
551 2931 708 2969 pamm.
735 2926 834 2957 Ovid.
854 2925 928 2955 Met.
950 2926 1000 2958 ιι,
1020 2922 1083 2952 283

213 2986 339 3018 nediu
362 2996 485 3026 qaoque
519 2984 683 3018 comoda
710 2981 800 3023 pleb-¹
822 2981 944 3012 Nostra
966 2983 1084 3019 patent.

213 3060 260 3069 —
294 3054 336 3075 ao
358 3041 466 3087 ωοοο]
504 3042 653 3073 Tacitum
689 3050 731 3070 ae
764 3043 839 3069 ante
874 3038 935 3067 litt.
969 3045 986 3065 c
1020 3044 1084 3064 non

215 3101 376 3133 vitavisse
422 3101 519 3132 doeet
559 3097 680 3130 Garbe»-
726 3101 758 3127 et
800 3093 900 3131 Gre<f
943 3091 1084 3122 Lexicon

215 3157 389 3189 Taeiteum
413 3167 446 3197 p.
473 3160 504 3189 7.
542 3173 587 3180 -
625 3164 709 3185 nme
732 3148 866 3194 quoque]
892 3150 990 3189 paulo
1014 3152 1085 3187 post

215 3224 247 3247 a.
286 3215 350 3246 107
384 3213 556 3245 absolutae
591 3216 625 3243 et
665 3211 771 3242 editae
806 3211 884 3239 sunt
922 3205 1084 3236 historiae.

216 3270 330 3302 Ham
352 3270 394 3302 de
409 3269 556 3303 Cornelii
573 3269 677 3299 Taciti
694 3267 773 3306 vita,
791 3264 935 3303 ingenio,
958 3260 1086 3299 scriptis

191 3316 201 3334 ⁸
219 3337 251 3368 p.
276 3327 372 3359 1111.
406 3345 447 3350 —
483 3330 626 3357 ceterum
659 3324 756 3355 etiam
780 3320 959 3362 posteriore
984 3321 1088 3347 aetate

216 3385 297 3417 talia
312 3384 471 3415 miracula
486 3385 671 3413 narrantur.
688 3389 782 3415 renes
797 3375 1087 3413 Frnneogmnornm

1118 2187 1148 2213 et
1173 2183 1354 2219 Auglorum
1386 2179 1544 2218 quosdam
1568 2177 1712 2214 morbos,
1746 2176 1839 2208 velut
1862 2177 1982 2215 lepras,

1117 2239 1287 2276 scrofulas,
1312 2246 1374 2275 ope
1390 2235 1502 2265 diviua
1526 2234 1693 2264 sanavisse
1711 2233 1868 2269 feruntur,
1886 2240 1983 2270 quam

1118 2295 1300 2325 mirabilem
1335 2297 1437 2322 artem
1463 2289 1671 2329 Francogalli
1704 2289 1746 2319 ad
1781 2289 1983 2319 Ludovicum

1119 2353 1270 2382 Sanctum
1287 2354 1383 2388 atque
1407 2349 1502 2379 etiam
1521 2347 1561 2377 ad
1579 2345 1846 2376 chlodovechum
1864 2354 1983 2383 regem,

1121 2408 1218 2446 Angli
1243 2407 1285 2437 ad
1310 2405 1498 2436 Eduardum
1524 2404 1752 2435 Confessorem
1789 2400 1983 2432 referebant.

1121 2467 1308 2504 priusquam
1347 2462 1496 2492 homines
1536 2460 1660 2498 aegroti
1702 2459 1742 2488 ad
1783 2467 1891 2496 regem
1926 2457 1982 2486 ad·

1120 2523 1334 2557 mitterentur,
1358 2518 1474 2549 medici
1498 2517 1538 2547 de
1561 2515 1684 2546 morbis
1700 2523 1810 2545 eorum
1835 2514 1984 2543 consule·

1120 2579 1258 2616 bantur;
1294 2585 1351 2606 rex
1386 2574 1479 2613 siguo
1514 2573 1618 2603 crucis
1653 2572 1686 2601 in
1720 2572 1827 2601 fronte
1859 2569 1983 2607 aegroti

1121 2636 1206 2665 facto
1231 2634 1281 2663 his
1307 2632 1414 2663 verbis
1439 2630 1603 2667 tangendo
1627 2628 1781 2659 sanabat:
1819 2626 1923 2657 »Dieuc
1955 2629 1984 2655 te

1119 2691 1268 2731 yue'risae,
1292 2690 1321 2719 le
1344 2689 1411 2726 Ray
1435 2693 1463 2718 ω
1486 2686 1629 2717 touches
1673 2684 1817 2714 William
1842 2682 1982 2713 Edward

1123 2747 1279 2786 Hartpole
1305 2746 1434 2784 Lecky:
1469 2743 1602 2780 Πίσωνι]
1634 2741 1676 2780 os
1697 2739 1850 2779 Enoland
1879 2739 1913 2769 in
1934 2739 1984 2770 the

1124 2804 1248 2834 XVIII.
1274 2807 1412 2840 century.
1437 2802 1452 2831 1
1475 2811 1500 2831 c.
1529 2802 1559 2830 1.

1166 2863 1220 2892 82.
1267 2868 1361 2899 super
1393 2857 1483 2889 robus
1519 2852 1655 2897 imperii]
1690 2854 1778 2886 Suet.
1807 2852 1904 2891 Vesp.
1945 2853 1983 2884 ἵε

1122 2918 1157 2948 de
1190 2917 1340 2953 firmitate
1376 2914 1502 2954 inperii
1533 2916 1682 2951 capuana
1717 2909 1907 2949 auspic-ium
1940 2924 1985 2931 —

1121 2976 1311 3011 interituque
1358 2968 1491 3014 mirei]
1549 2969 1662 2999 intimo
1709 2967 1819 2997 auimo
1868 2974 1985 2995 numen

1123 3036 1293 3062 veneratus
1317 3028 1470 3067 omnique
1494 3026 1560 3056 alia
1584 3023 1779 3063 cogitatione
1803 3022 1986 3052 abstinens.

1124 3088 1204 3118 male
1238 3085 1371 3125 Ruperti
1401 3081 1628 3122 auspicabatur
1658 3080 1850 3118 &tuamque
1882 3078 1987 3108 οιιὸιὲ.

1126 3161 1165 3167 -
1205 3143 1341 3182 respexit
1375 3149 1457 3180 pone
1489 3134 1620 3179 eei-qum]
1657 3145 1728 3166 cum
1767 3144 1802 3166 aa
1837 3133 1990 3174 precibus

1124 3201 1215 3231 factis
1250 3203 1382 3237 repente
1417 3194 1648 3230 convertisset,
1685 3191 1802 3222 ominis
1835 3189 1988 3229 captandi

1122 3265 1230 3289 causa.
1256 3256 1342 3286 Ena.
1359 3270 1403 3278 —
1428 3249 1605 3289 Basiliden]
1632 3248 1806 3279 Suetonius
1830 3247 1850 3277 l.
1870 3247 1890 3277 1.
1916 3255 1988 3277 eum

1123 3314 1265 3344 libertu-
1304 3317 1410 3350 vocat‚
1446 3313 1558 3348 aperta
1592 3304 1828 3345 repugnantia3
1868 3303 1990 3334 frustra

1125 3372 1208 3401 enim
1235 3368 1381 3399 mmnnlli
1407 3371 1576 3402 utrumque
1601 3363 1792 3399 scriptorem
1817 3360 1990 3389 ennom-re
