<?xml version="1.0" encoding="UTF-8"?>
<!DOCTYPE html PUBLIC "-//W3C//DTD XHTML 1.0 Transitional//EN"
    "http://www.w3.org/TR/xhtml1/DTD/xhtml1-transitional.dtd">
<html xmlns="http://www.w3.org/1999/xhtml" xml:lang="en" lang="en">
 <head>
  <title>
</title>
<meta http-equiv="Content-Type" content="text/html;charset=utf-8" />
  <meta name='ocr-system' content='tesseract 3.04.00' />
  <meta name='ocr-capabilities' content='ocr_page ocr_carea ocr_par ocr_line ocrx_word'/>
</head>
<body>
  <div class='ocr_page' id='page_1' title='image "./pcorneliitacitio02taciuoft_0351.png"; bbox 0 0 2176 3672; ppageno 0'>
   <div class='ocr_carea' id='block_1_1' title="bbox 674 323 1910 379">
    <p class='ocr_par' dir='ltr' id='par_1_1' title="bbox 674 323 1910 379">
     <span class='ocr_line' id='line_1_1' title="bbox 674 323 1910 379; baseline 0.002 -13"><span class='ocrx_word' id='word_1_1' title='bbox 674 324 846 367; x_wconf 90' lang='lat' dir='ltr'>LIBER</span> <span class='ocrx_word' id='word_1_2' title='bbox 875 324 932 367; x_wconf 92' lang='grc' dir='ltr'>ΙΙ.</span> <span class='ocrx_word' id='word_1_3' title='bbox 993 323 1094 379; x_wconf 86' lang='lat' dir='ltr'>Cap.</span> <span class='ocrx_word' id='word_1_4' title='bbox 1121 326 1188 367; x_wconf 77' lang='lat'>21.</span> <span class='ocrx_word' id='word_1_5' title='bbox 1220 326 1286 368; x_wconf 80' lang='lat'>22.</span> <span class='ocrx_word' id='word_1_6' title='bbox 1318 325 1385 368; x_wconf 81' lang='lat'>23.</span> <span class='ocrx_word' id='word_1_7' title='bbox 1827 326 1910 369; x_wconf 79' lang='lat'>329</span> 
     </span>
    </p>
   </div>
   <div class='ocr_carea' id='block_1_2' title="bbox 121 438 1967 1860">
    <p class='ocr_par' dir='ltr' id='par_1_2' title="bbox 143 438 1910 574">
     <span class='ocr_line' id='line_1_2' title="bbox 143 438 1910 495; baseline 0.002 -14"><span class='ocrx_word' id='word_1_8' title='bbox 143 438 291 492; x_wconf 85' lang='lat' dir='ltr'><strong>paucis</strong></span> <span class='ocrx_word' id='word_1_9' title='bbox 316 438 518 493; x_wconf 89' lang='lat' dir='ltr'>equitum,</span> <span class='ocrx_word' id='word_1_10' title='bbox 547 438 616 483; x_wconf 89' lang='lat' dir='ltr'>hic</span> <span class='ocrx_word' id='word_1_11' title='bbox 644 438 886 493; x_wconf 82' lang='lat' dir='ltr'><strong>praefectus</strong></span> <span class='ocrx_word' id='word_1_12' title='bbox 915 438 1008 482; x_wconf 86' lang='lat' dir='ltr'>alae</span> <span class='ocrx_word' id='word_1_13' title='bbox 1037 439 1080 482; x_wconf 92' lang='lat' dir='ltr'>in</span> <span class='ocrx_word' id='word_1_14' title='bbox 1111 440 1286 483; x_wconf 89' lang='lat' dir='ltr'>Batavis</span> <span class='ocrx_word' id='word_1_15' title='bbox 1316 442 1498 495; x_wconf 90' lang='lat' dir='ltr'>genitus,</span> <span class='ocrx_word' id='word_1_16' title='bbox 1530 440 1601 484; x_wconf 90' lang='lat' dir='ltr'>ille</span> <span class='ocrx_word' id='word_1_17' title='bbox 1631 440 1910 495; x_wconf 85' lang='lat' dir='ltr'>primipilaris</span> 
     </span>
     <span class='ocr_line' id='line_1_3' title="bbox 145 517 1667 574; baseline 0.001 -12"><span class='ocrx_word' id='word_1_18' title='bbox 145 521 190 562; x_wconf 89' lang='lat' dir='ltr'>et</span> <span class='ocrx_word' id='word_1_19' title='bbox 218 517 422 562; x_wconf 80' lang='lat' dir='ltr'>Caecinae</span> <span class='ocrx_word' id='word_1_20' title='bbox 450 518 569 564; x_wconf 88' lang='lat' dir='ltr'>haud</span> <span class='ocrx_word' id='word_1_21' title='bbox 596 519 770 573; x_wconf 84' lang='lat' dir='ltr'>alienus,</span> <span class='ocrx_word' id='word_1_22' title='bbox 802 521 916 574; x_wconf 93' lang='lat' dir='ltr'>quod</span> <span class='ocrx_word' id='word_1_23' title='bbox 945 520 1112 563; x_wconf 81' lang='lat' dir='ltr'>ordines</span> <span class='ocrx_word' id='word_1_24' title='bbox 1143 521 1187 562; x_wconf 89' lang='lat' dir='ltr'>in</span> <span class='ocrx_word' id='word_1_25' title='bbox 1218 520 1446 564; x_wconf 82' lang='lat' dir='ltr'>Germania</span> <span class='ocrx_word' id='word_1_26' title='bbox 1476 522 1667 564; x_wconf 86' lang='lat' dir='ltr'>duxerat.</span> 
     </span>
    </p>

    <p class='ocr_par' dir='ltr' id='par_1_3' title="bbox 121 587 1967 1218">
     <span class='ocr_line' id='line_1_4' title="bbox 257 587 1910 656; baseline 0.002 -15"><span class='ocrx_word' id='word_1_27' title='bbox 257 587 350 653; x_wconf 61' lang='lat'><strong>(2⁴3)</strong></span> <span class='ocrx_word' id='word_1_28' title='bbox 379 597 591 653; x_wconf 88' lang='lat' dir='ltr'>Spurinna</span> <span class='ocrx_word' id='word_1_29' title='bbox 613 603 828 653; x_wconf 88' lang='lat' dir='ltr'>comperto</span> <span class='ocrx_word' id='word_1_30' title='bbox 857 600 1009 644; x_wconf 88' lang='lat' dir='ltr'>itinere</span> <span class='ocrx_word' id='word_1_31' title='bbox 1037 600 1224 643; x_wconf 89' lang='lat' dir='ltr'>hostium</span> <span class='ocrx_word' id='word_1_32' title='bbox 1245 600 1459 644; x_wconf 85' lang='lat' dir='ltr'>defensam</span> <span class='ocrx_word' id='word_1_33' title='bbox 1480 601 1752 654; x_wconf 83' lang='lat' dir='ltr'>Placentiam,</span> <span class='ocrx_word' id='word_1_34' title='bbox 1783 614 1910 656; x_wconf 89' lang='lat' dir='ltr'>quae-</span> 
     </span>
     <span class='ocr_line' id='line_1_5' title="bbox 143 678 1910 735; baseline 0.001 -12"><span class='ocrx_word' id='word_1_35' title='bbox 143 690 228 734; x_wconf 83' lang='lat' dir='ltr'>que</span> <span class='ocrx_word' id='word_1_36' title='bbox 255 681 352 722; x_wconf 88' lang='lat' dir='ltr'>acta</span> <span class='ocrx_word' id='word_1_37' title='bbox 380 681 425 723; x_wconf 88' lang='lat' dir='ltr'>et</span> <span class='ocrx_word' id='word_1_38' title='bbox 453 680 555 734; x_wconf 90' lang='lat' dir='ltr'>quid</span> <span class='ocrx_word' id='word_1_39' title='bbox 585 678 763 724; x_wconf 89' lang='lat' dir='ltr'>Caecina</span> <span class='ocrx_word' id='word_1_40' title='bbox 802 683 994 734; x_wconf 89' lang='lat' dir='ltr'>pararet,</span> <span class='ocrx_word' id='word_1_41' title='bbox 1035 681 1218 723; x_wconf 90' lang='lat' dir='ltr'>Annium</span> <span class='ocrx_word' id='word_1_42' title='bbox 1249 679 1419 724; x_wconf 88' lang='lat' dir='ltr'>Gallum</span> <span class='ocrx_word' id='word_1_43' title='bbox 1456 694 1533 735; x_wconf 90' lang='lat' dir='ltr'>per</span> <span class='ocrx_word' id='word_1_44' title='bbox 1570 681 1738 725; x_wconf 82' lang='lat' dir='ltr'>litteras</span> <span class='ocrx_word' id='word_1_45' title='bbox 1776 682 1910 725; x_wconf 90' lang='lat' dir='ltr'>docet.</span> 
     </span>
     <span class='ocr_line' id='line_1_6' title="bbox 144 758 1967 815; baseline 0.001 -13"><span class='ocrx_word' id='word_1_46' title='bbox 144 758 293 803; x_wconf 82' lang='lat' dir='ltr'>Gallus</span> <span class='ocrx_word' id='word_1_47' title='bbox 322 759 527 814; x_wconf 85' lang='lat' dir='ltr'>legionem</span> <span class='ocrx_word' id='word_1_48' title='bbox 556 760 736 813; x_wconf 84' lang='lat' dir='ltr'>primam</span> <span class='ocrx_word' id='word_1_49' title='bbox 766 760 809 802; x_wconf 91' lang='lat' dir='ltr'>in</span> <span class='ocrx_word' id='word_1_50' title='bbox 841 760 1045 803; x_wconf 87' lang='lat' dir='ltr'>auxilium</span> <span class='ocrx_word' id='word_1_51' title='bbox 1075 761 1319 804; x_wconf 82' lang='lat' dir='ltr'>Placentiae</span> <span class='ocrx_word' id='word_1_52' title='bbox 1349 762 1541 815; x_wconf 89' lang='lat' dir='ltr'>ducebat,</span> <span class='ocrx_word' id='word_1_53' title='bbox 1572 760 1737 804; x_wconf 85' lang='lat' dir='ltr'>diffisus</span> <span class='ocrx_word' id='word_1_54' title='bbox 1767 762 1911 815; x_wconf 88' lang='lat' dir='ltr'>pauci·</span> <span class='ocrx_word' id='word_1_55' title='bbox 1948 773 1967 803; x_wconf 89' lang='lat'><strong>5</strong></span> 
     </span>
     <span class='ocr_line' id='line_1_7' title="bbox 143 839 1912 896; baseline 0.001 -14"><span class='ocrx_word' id='word_1_56' title='bbox 143 839 226 882; x_wconf 90' lang='lat' dir='ltr'>tati</span> <span class='ocrx_word' id='word_1_57' title='bbox 254 839 512 893; x_wconf 88' lang='lat' dir='ltr'>cohortium,</span> <span class='ocrx_word' id='word_1_58' title='bbox 543 853 595 883; x_wconf 92' lang='lat' dir='ltr'>ne</span> <span class='ocrx_word' id='word_1_59' title='bbox 625 839 791 894; x_wconf 88' lang='lat' dir='ltr'>longius</span> <span class='ocrx_word' id='word_1_60' title='bbox 822 839 1034 884; x_wconf 90' lang='lat' dir='ltr'>obsidium</span> <span class='ocrx_word' id='word_1_61' title='bbox 1065 845 1109 885; x_wconf 90' lang='lat' dir='ltr'>et</span> <span class='ocrx_word' id='word_1_62' title='bbox 1137 842 1221 884; x_wconf 91' lang='lat' dir='ltr'>vim</span> <span class='ocrx_word' id='word_1_63' title='bbox 1253 841 1493 884; x_wconf 87' lang='lat' dir='ltr'>Germanici</span> <span class='ocrx_word' id='word_1_64' title='bbox 1523 842 1732 885; x_wconf 87' lang='lat' dir='ltr'>exercitus</span> <span class='ocrx_word' id='word_1_65' title='bbox 1762 855 1912 896; x_wconf 87' lang='lat' dir='ltr'>parum</span> 
     </span>
     <span class='ocr_line' id='line_1_8' title="bbox 121 918 1910 976; baseline 0.002 -14"><span class='ocrx_word' id='word_1_66' title='bbox 121 918 382 963; x_wconf 86' lang='lat' dir='ltr'>·tolerarent.</span> <span class='ocrx_word' id='word_1_67' title='bbox 428 919 500 962; x_wconf 92' lang='lat' dir='ltr'>ubi</span> <span class='ocrx_word' id='word_1_68' title='bbox 530 919 699 974; x_wconf 88' lang='lat' dir='ltr'>pulsum</span> <span class='ocrx_word' id='word_1_69' title='bbox 730 920 953 964; x_wconf 88' lang='lat' dir='ltr'>Caecinam</span> <span class='ocrx_word' id='word_1_70' title='bbox 983 934 1160 976; x_wconf 85' lang='lat' dir='ltr'>pergere</span> <span class='ocrx_word' id='word_1_71' title='bbox 1191 921 1440 965; x_wconf 88' lang='lat' dir='ltr'>Cremonam</span> <span class='ocrx_word' id='word_1_72' title='bbox 1471 922 1656 975; x_wconf 86' lang='lat' dir='ltr'>accepit,</span> <span class='ocrx_word' id='word_1_73' title='bbox 1687 934 1812 975; x_wconf 85' lang='lat' dir='ltr'>aegre</span> <span class='ocrx_word' id='word_1_74' title='bbox 1842 935 1910 965; x_wconf 93' lang='lat' dir='ltr'>co-</span> 
     </span>
     <span class='ocr_line' id='line_1_9' title="bbox 141 999 1911 1057; baseline 0.001 -14"><span class='ocrx_word' id='word_1_75' title='bbox 141 999 315 1043; x_wconf 86' lang='lat' dir='ltr'>ercitam</span> <span class='ocrx_word' id='word_1_76' title='bbox 344 999 551 1054; x_wconf 89' lang='lat' dir='ltr'>legionem</span> <span class='ocrx_word' id='word_1_77' title='bbox 582 1004 626 1044; x_wconf 91' lang='lat' dir='ltr'>et</span> <span class='ocrx_word' id='word_1_78' title='bbox 654 1002 872 1055; x_wconf 90' lang='lat' dir='ltr'>pugnandi</span> <span class='ocrx_word' id='word_1_79' title='bbox 911 1003 1064 1045; x_wconf 88' lang='lat' dir='ltr'>ardore</span> <span class='ocrx_word' id='word_1_80' title='bbox 1101 1015 1234 1056; x_wconf 91' lang='lat' dir='ltr'>usque</span> <span class='ocrx_word' id='word_1_81' title='bbox 1271 1003 1326 1044; x_wconf 89' lang='lat' dir='ltr'>ad</span> <span class='ocrx_word' id='word_1_82' title='bbox 1355 1002 1604 1044; x_wconf 86' lang='lat' dir='ltr'>seditionem</span> <span class='ocrx_word' id='word_1_83' title='bbox 1643 1015 1911 1057; x_wconf 85' lang='lat' dir='ltr'>progressam</span> 
     </span>
     <span class='ocr_line' id='line_1_10' title="bbox 140 1079 1911 1137; baseline 0.002 -15"><span class='ocrx_word' id='word_1_84' title='bbox 140 1079 337 1123; x_wconf 86' lang='lat' dir='ltr'>Bedriaci</span> <span class='ocrx_word' id='word_1_85' title='bbox 381 1080 506 1124; x_wconf 90' lang='lat' dir='ltr'>sistit.</span> <span class='ocrx_word' id='word_1_86' title='bbox 560 1082 672 1124; x_wconf 87' lang='lat' dir='ltr'>inter</span> <span class='ocrx_word' id='word_1_87' title='bbox 708 1082 918 1124; x_wconf 87' lang='lat' dir='ltr'>Veronam</span> <span class='ocrx_word' id='word_1_88' title='bbox 948 1082 1278 1137; x_wconf 88' lang='lat' dir='ltr'>Cremonamque</span> <span class='ocrx_word' id='word_1_89' title='bbox 1320 1082 1428 1125; x_wconf 90' lang='lat' dir='ltr'>situs</span> <span class='ocrx_word' id='word_1_90' title='bbox 1471 1085 1537 1125; x_wconf 90' lang='lat' dir='ltr'>est</span> <span class='ocrx_word' id='word_1_91' title='bbox 1565 1083 1703 1136; x_wconf 90' lang='lat' dir='ltr'>vicus,</span> <span class='ocrx_word' id='word_1_92' title='bbox 1747 1082 1911 1125; x_wconf 90' lang='lat' dir='ltr'>duabus</span> 
     </span>
     <span class='ocr_line' id='line_1_11' title="bbox 140 1160 1166 1218; baseline 0.003 -15"><span class='ocrx_word' id='word_1_93' title='bbox 140 1160 226 1203; x_wconf 90' lang='lat' dir='ltr'>iam</span> <span class='ocrx_word' id='word_1_94' title='bbox 255 1161 456 1203; x_wconf 88' lang='lat' dir='ltr'>Romanis</span> <span class='ocrx_word' id='word_1_95' title='bbox 487 1160 676 1205; x_wconf 88' lang='lat' dir='ltr'>cladibus</span> <span class='ocrx_word' id='word_1_96' title='bbox 705 1166 831 1206; x_wconf 91' lang='lat' dir='ltr'>notus</span> <span class='ocrx_word' id='word_1_97' title='bbox 860 1162 1166 1218; x_wconf 86' lang='lat' dir='ltr'>infaustusque.</span> 
     </span>
    </p>

    <p class='ocr_par' dir='ltr' id='par_1_4' title="bbox 134 1240 1964 1860">
     <span class='ocr_line' id='line_1_12' title="bbox 253 1240 1911 1297; baseline 0.002 -14"><span class='ocrx_word' id='word_1_98' title='bbox 253 1241 395 1284; x_wconf 87' lang='lat' dir='ltr'>Isdem</span> <span class='ocrx_word' id='word_1_99' title='bbox 417 1240 566 1285; x_wconf 88' lang='lat' dir='ltr'>diebus</span> <span class='ocrx_word' id='word_1_100' title='bbox 588 1255 614 1285; x_wconf 92' lang='lat' dir='ltr'>a</span> <span class='ocrx_word' id='word_1_101' title='bbox 634 1242 793 1286; x_wconf 88' lang='lat' dir='ltr'>Marcio</span> <span class='ocrx_word' id='word_1_102' title='bbox 814 1243 958 1286; x_wconf 88' lang='lat' dir='ltr'>Macro</span> <span class='ocrx_word' id='word_1_103' title='bbox 987 1242 1105 1286; x_wconf 90' lang='lat' dir='ltr'>haud</span> <span class='ocrx_word' id='word_1_104' title='bbox 1130 1243 1278 1297; x_wconf 89' lang='lat' dir='ltr'>procul</span> <span class='ocrx_word' id='word_1_105' title='bbox 1300 1242 1506 1286; x_wconf 88' lang='lat' dir='ltr'>Cremona</span> <span class='ocrx_word' id='word_1_106' title='bbox 1525 1255 1729 1297; x_wconf 86' lang='lat' dir='ltr'>prospere</span> <span class='ocrx_word' id='word_1_107' title='bbox 1747 1255 1911 1297; x_wconf 86' lang='lat' dir='ltr'>pugna-</span> 
     </span>
     <span class='ocr_line' id='line_1_13' title="bbox 139 1322 1910 1377; baseline 0.001 -13"><span class='ocrx_word' id='word_1_108' title='bbox 139 1322 243 1364; x_wconf 88' lang='lat' dir='ltr'>tum.</span> <span class='ocrx_word' id='word_1_109' title='bbox 287 1334 469 1376; x_wconf 89' lang='lat' dir='ltr'>namque</span> <span class='ocrx_word' id='word_1_110' title='bbox 497 1326 722 1377; x_wconf 89' lang='lat' dir='ltr'>promptus</span> <span class='ocrx_word' id='word_1_111' title='bbox 753 1323 882 1367; x_wconf 88' lang='lat' dir='ltr'>animi</span> <span class='ocrx_word' id='word_1_112' title='bbox 911 1323 1097 1367; x_wconf 84' lang='lat' dir='ltr'>Marcius</span> <span class='ocrx_word' id='word_1_113' title='bbox 1131 1325 1393 1367; x_wconf 88' lang='lat' dir='ltr'>transvectos</span> <span class='ocrx_word' id='word_1_114' title='bbox 1433 1323 1611 1366; x_wconf 89' lang='lat' dir='ltr'>navibus</span> <span class='ocrx_word' id='word_1_115' title='bbox 1650 1322 1910 1376; x_wconf 86' lang='lat' dir='ltr'>gladiatores</span> 
     </span>
     <span class='ocr_line' id='line_1_14' title="bbox 138 1401 1911 1458; baseline 0.001 -14"><span class='ocrx_word' id='word_1_116' title='bbox 138 1401 182 1444; x_wconf 91' lang='lat' dir='ltr'>in</span> <span class='ocrx_word' id='word_1_117' title='bbox 202 1401 424 1445; x_wconf 88' lang='lat' dir='ltr'>adversam</span> <span class='ocrx_word' id='word_1_118' title='bbox 442 1402 550 1446; x_wconf 89' lang='lat' dir='ltr'>Padi</span> <span class='ocrx_word' id='word_1_119' title='bbox 579 1404 716 1457; x_wconf 88' lang='lat' dir='ltr'>ripam</span> <span class='ocrx_word' id='word_1_120' title='bbox 737 1407 910 1458; x_wconf 89' lang='lat' dir='ltr'>repente</span> <span class='ocrx_word' id='word_1_121' title='bbox 930 1403 1089 1447; x_wconf 88' lang='lat' dir='ltr'>effudit.</span> <span class='ocrx_word' id='word_1_122' title='bbox 1135 1404 1309 1447; x_wconf 90' lang='lat' dir='ltr'>turbata</span> <span class='ocrx_word' id='word_1_123' title='bbox 1328 1404 1386 1446; x_wconf 93' lang='lat' dir='ltr'>ibi</span> <span class='ocrx_word' id='word_1_124' title='bbox 1407 1403 1731 1447; x_wconf 89' lang='lat' dir='ltr'>Vitellianorum</span> <span class='ocrx_word' id='word_1_125' title='bbox 1752 1404 1911 1446; x_wconf 85' lang='lat' dir='ltr'>auxilia</span> 
     </span>
     <span class='ocr_line' id='line_1_15' title="bbox 139 1482 1908 1539; baseline 0.001 -14"><span class='ocrx_word' id='word_1_126' title='bbox 139 1483 184 1526; x_wconf 90' lang='lat' dir='ltr'>et</span> <span class='ocrx_word' id='word_1_127' title='bbox 223 1483 377 1526; x_wconf 88' lang='lat' dir='ltr'>ceteris</span> <span class='ocrx_word' id='word_1_128' title='bbox 415 1482 663 1527; x_wconf 87' lang='lat' dir='ltr'>Cremonam</span> <span class='ocrx_word' id='word_1_129' title='bbox 703 1483 963 1538; x_wconf 81' lang='lat' dir='ltr'>fugientibus</span> <span class='ocrx_word' id='word_1_130' title='bbox 1004 1485 1116 1528; x_wconf 91' lang='lat' dir='ltr'>caesi</span> <span class='ocrx_word' id='word_1_131' title='bbox 1156 1485 1230 1539; x_wconf 92' lang='lat' dir='ltr'>qui</span> <span class='ocrx_word' id='word_1_132' title='bbox 1267 1484 1525 1527; x_wconf 85' lang='lat' dir='ltr'>restiterant.</span> <span class='ocrx_word' id='word_1_133' title='bbox 1572 1485 1648 1527; x_wconf 88' lang='lat' dir='ltr'>sed</span> <span class='ocrx_word' id='word_1_134' title='bbox 1688 1496 1908 1538; x_wconf 86' lang='lat' dir='ltr'>repressus</span> 
     </span>
     <span class='ocr_line' id='line_1_16' title="bbox 137 1561 1964 1619; baseline 0.001 -14"><span class='ocrx_word' id='word_1_135' title='bbox 137 1561 395 1606; x_wconf 85' lang='lat' dir='ltr'>vincentium</span> <span class='ocrx_word' id='word_1_136' title='bbox 435 1564 640 1618; x_wconf 89' lang='lat' dir='ltr'>impetus,</span> <span class='ocrx_word' id='word_1_137' title='bbox 681 1578 734 1608; x_wconf 90' lang='lat' dir='ltr'>ne</span> <span class='ocrx_word' id='word_1_138' title='bbox 764 1565 884 1608; x_wconf 89' lang='lat' dir='ltr'>novis</span> <span class='ocrx_word' id='word_1_139' title='bbox 924 1565 1125 1608; x_wconf 90' lang='lat' dir='ltr'>subsidiis</span> <span class='ocrx_word' id='word_1_140' title='bbox 1153 1563 1311 1607; x_wconf 88' lang='lat' dir='ltr'>firmati</span> <span class='ocrx_word' id='word_1_141' title='bbox 1340 1565 1483 1608; x_wconf 90' lang='lat' dir='ltr'>hostes</span> <span class='ocrx_word' id='word_1_142' title='bbox 1514 1564 1727 1607; x_wconf 86' lang='lat' dir='ltr'>fortunam</span> <span class='ocrx_word' id='word_1_143' title='bbox 1757 1565 1909 1619; x_wconf 90' lang='lat' dir='ltr'>proelii</span> <span class='ocrx_word' id='word_1_144' title='bbox 1925 1577 1964 1607; x_wconf 84' lang='lat'>15</span> 
     </span>
     <span class='ocr_line' id='line_1_17' title="bbox 134 1644 1907 1699; baseline 0.002 -14"><span class='ocrx_word' id='word_1_145' title='bbox 134 1645 363 1687; x_wconf 79' lang='lat' dir='ltr'>mutarent,</span> <span class='ocrx_word' id='word_1_146' title='bbox 409 1648 656 1698; x_wconf 90' lang='lat' dir='ltr'>suspectum</span> <span class='ocrx_word' id='word_1_147' title='bbox 684 1645 730 1688; x_wconf 94' lang='lat' dir='ltr'>id</span> <span class='ocrx_word' id='word_1_148' title='bbox 751 1645 1000 1688; x_wconf 89' lang='lat' dir='ltr'>Othonianis</span> <span class='ocrx_word' id='word_1_149' title='bbox 1025 1644 1107 1688; x_wconf 91' lang='lat' dir='ltr'>fuit</span> <span class='ocrx_word' id='word_1_150' title='bbox 1127 1646 1268 1688; x_wconf 90' lang='lat' dir='ltr'>omnia</span> <span class='ocrx_word' id='word_1_151' title='bbox 1290 1645 1445 1688; x_wconf 90' lang='lat' dir='ltr'>ducum</span> <span class='ocrx_word' id='word_1_152' title='bbox 1475 1644 1590 1688; x_wconf 87' lang='lat' dir='ltr'>facta</span> <span class='ocrx_word' id='word_1_153' title='bbox 1618 1658 1749 1699; x_wconf 88' lang='lat' dir='ltr'>prave</span> <span class='ocrx_word' id='word_1_154' title='bbox 1779 1646 1907 1688; x_wconf 89' lang='lat' dir='ltr'>aesti-</span> 
     </span>
     <span class='ocr_line' id='line_1_18' title="bbox 136 1722 1907 1780; baseline 0.001 -14"><span class='ocrx_word' id='word_1_155' title='bbox 136 1722 361 1767; x_wconf 88' lang='lat' dir='ltr'>mantibus.</span> <span class='ocrx_word' id='word_1_156' title='bbox 406 1725 614 1778; x_wconf 85' lang='lat' dir='ltr'>certatim,</span> <span class='ocrx_word' id='word_1_157' title='bbox 644 1726 891 1780; x_wconf 90' lang='lat' dir='ltr'>utquisque</span> <span class='ocrx_word' id='word_1_158' title='bbox 920 1727 1059 1769; x_wconf 90' lang='lat' dir='ltr'>animo</span> <span class='ocrx_word' id='word_1_159' title='bbox 1089 1726 1278 1780; x_wconf 87' lang='lat' dir='ltr'>ignavus,</span> <span class='ocrx_word' id='word_1_160' title='bbox 1308 1737 1464 1779; x_wconf 85' lang='lat' dir='ltr'>procax</span> <span class='ocrx_word' id='word_1_161' title='bbox 1485 1738 1569 1778; x_wconf 87' lang='lat' dir='ltr'>ore,</span> <span class='ocrx_word' id='word_1_162' title='bbox 1599 1726 1784 1768; x_wconf 91' lang='lat' dir='ltr'>Annium</span> <span class='ocrx_word' id='word_1_163' title='bbox 1808 1725 1907 1768; x_wconf 86' lang='lat' dir='ltr'>Gal-</span> 
     </span>
     <span class='ocr_line' id='line_1_19' title="bbox 134 1802 1906 1860; baseline 0.001 -14"><span class='ocrx_word' id='word_1_164' title='bbox 134 1802 224 1846; x_wconf 91' lang='lat' dir='ltr'>lum</span> <span class='ocrx_word' id='word_1_165' title='bbox 264 1806 309 1847; x_wconf 91' lang='lat' dir='ltr'>et</span> <span class='ocrx_word' id='word_1_166' title='bbox 348 1803 594 1848; x_wconf 87' lang='lat' dir='ltr'>Suetonium</span> <span class='ocrx_word' id='word_1_167' title='bbox 633 1804 858 1849; x_wconf 91' lang='lat' dir='ltr'>Paulinum</span> <span class='ocrx_word' id='word_1_168' title='bbox 899 1809 942 1849; x_wconf 89' lang='lat' dir='ltr'>et</span> <span class='ocrx_word' id='word_1_169' title='bbox 983 1806 1165 1848; x_wconf 88' lang='lat' dir='ltr'>Marium</span> <span class='ocrx_word' id='word_1_170' title='bbox 1206 1805 1374 1848; x_wconf 90' lang='lat' dir='ltr'>Celsum</span> <span class='ocrx_word' id='word_1_171' title='bbox 1416 1805 1605 1860; x_wconf 90' lang='lat' dir='ltr'>aliosque</span> <span class='ocrx_word' id='word_1_172' title='bbox 1646 1819 1751 1860; x_wconf 90' lang='lat' dir='ltr'>quos</span> <span class='ocrx_word' id='word_1_173' title='bbox 1794 1806 1906 1849; x_wconf 92' lang='lat' dir='ltr'>Otho</span> 
     </span>
    </p>
   </div>
   <div class='ocr_carea' id='block_1_3' title="bbox 1186 1883 1559 1929">
    <p class='ocr_par' dir='ltr' id='par_1_5' title="bbox 1186 1883 1559 1929">
     <span class='ocr_line' id='line_1_20' title="bbox 1186 1883 1559 1929; baseline -0.005 -11"><span class='ocrx_word' id='word_1_174' title='bbox 1186 1889 1204 1918; x_wconf 87' lang='grc'><strong>9</strong></span> <span class='ocrx_word' id='word_1_175' title='bbox 1231 1886 1354 1917; x_wconf 71' lang='lat' dir='ltr'>herona</span> <span class='ocrx_word' id='word_1_176' title='bbox 1380 1883 1475 1929; x_wconf 77' lang='lat' dir='ltr'>(corr.</span> <span class='ocrx_word' id='word_1_177' title='bbox 1496 1884 1559 1929; x_wconf 90' lang='lat' dir='ltr'>lm)</span> 
     </span>
    </p>
   </div>
   <div class='ocr_carea' id='block_1_4' title="bbox 1926 1176 1968 1205">
    <p class='ocr_par' dir='ltr' id='par_1_6' title="bbox 1926 1176 1968 1205">
     <span class='ocr_line' id='line_1_21' title="bbox 1926 1176 1968 1205; baseline 0 0"><span class='ocrx_word' id='word_1_178' title='bbox 1926 1176 1968 1205; x_wconf 82' lang='lat'>10</span> 
     </span>
    </p>
   </div>
   <div class='ocr_carea' id='block_1_5' title="bbox 135 1884 1907 2068">
    <p class='ocr_par' dir='ltr' id='par_1_7' title="bbox 135 1884 1907 2068">
     <span class='ocr_line' id='line_1_22' title="bbox 229 1884 1904 1929; baseline 0.001 -13"><span class='ocrx_word' id='word_1_179' title='bbox 229 1884 283 1926; x_wconf 61' lang='lat'>516</span> <span class='ocrx_word' id='word_1_180' title='bbox 307 1885 471 1924; x_wconf 80' lang='lat' dir='ltr'>paucitate</span> <span class='ocrx_word' id='word_1_181' title='bbox 497 1887 529 1925; x_wconf 87' lang='lat' dir='ltr'>(e</span> <span class='ocrx_word' id='word_1_182' title='bbox 553 1886 587 1916; x_wconf 81' lang='lat' dir='ltr'>in</span> <span class='ocrx_word' id='word_1_183' title='bbox 610 1887 622 1916; x_wconf 95' lang='lat' dir='ltr'>i</span> <span class='ocrx_word' id='word_1_184' title='bbox 645 1887 777 1917; x_wconf 75' lang='lat' dir='ltr'>mutavit</span> <span class='ocrx_word' id='word_1_185' title='bbox 794 1888 859 1926; x_wconf 73' lang='lat'><em>2712)</em></span> <span class='ocrx_word' id='word_1_186' title='bbox 953 1889 970 1918; x_wconf 82' lang='lat'>7</span> <span class='ocrx_word' id='word_1_187' title='bbox 997 1887 1092 1926; x_wconf 88' lang='lat' dir='ltr'>pulsu</span> <span class='ocrx_word' id='word_1_188' title='bbox 1654 1889 1695 1919; x_wconf 88' lang='grc'>10</span> <span class='ocrx_word' id='word_1_189' title='bbox 1719 1889 1904 1929; x_wconf 78' lang='lat' dir='ltr'>Infastusq3</span> 
     </span>
     <span class='ocr_line' id='line_1_23' title="bbox 139 1928 1907 1974; baseline 0.001 -12"><span class='ocrx_word' id='word_1_190' title='bbox 139 1930 178 1962; x_wconf 84' lang='lat'>11</span> <span class='ocrx_word' id='word_1_191' title='bbox 205 1929 286 1962; x_wconf 84' lang='lat' dir='ltr'>haut</span> <span class='ocrx_word' id='word_1_192' title='bbox 309 1928 336 1974; x_wconf 82' lang='lat' dir='ltr'>(t</span> <span class='ocrx_word' id='word_1_193' title='bbox 358 1932 394 1962; x_wconf 84' lang='lat' dir='ltr'>in</span> <span class='ocrx_word' id='word_1_194' title='bbox 416 1932 437 1963; x_wconf 85' lang='lat' dir='ltr'>d</span> <span class='ocrx_word' id='word_1_195' title='bbox 460 1932 593 1963; x_wconf 78' lang='lat' dir='ltr'>mutavit</span> <span class='ocrx_word' id='word_1_196' title='bbox 618 1931 682 1973; x_wconf 83' lang='lat' dir='ltr'>lm)</span> <span class='ocrx_word' id='word_1_197' title='bbox 777 1935 817 1964; x_wconf 84' lang='lat'>12</span> <span class='ocrx_word' id='word_1_198' title='bbox 843 1942 952 1973; x_wconf 82' lang='lat' dir='ltr'>nanq3</span> <span class='ocrx_word' id='word_1_199' title='bbox 975 1932 1158 1972; x_wconf 76' lang='lat' dir='ltr'>promptius</span> <span class='ocrx_word' id='word_1_200' title='bbox 1182 1929 1247 1964; x_wconf 75' lang='lat' dir='ltr'>affii</span> <span class='ocrx_word' id='word_1_201' title='bbox 1352 1934 1393 1962; x_wconf 85' lang='lat'>14</span> <span class='ocrx_word' id='word_1_202' title='bbox 1428 1932 1495 1963; x_wconf 87' lang='lat' dir='ltr'>cesi</span> <span class='ocrx_word' id='word_1_203' title='bbox 1596 1933 1763 1964; x_wconf 75' lang='lat' dir='ltr'>resisteret</span> <span class='ocrx_word' id='word_1_204' title='bbox 1798 1933 1907 1974; x_wconf 77' lang='lat' dir='ltr'>(super</span> 
     </span>
     <span class='ocr_line' id='line_1_24' title="bbox 135 1975 1906 2022; baseline 0.002 -16"><span class='ocrx_word' id='word_1_205' title='bbox 135 1979 170 2006; x_wconf 85' lang='lat' dir='ltr'>at</span> <span class='ocrx_word' id='word_1_206' title='bbox 185 1986 246 2007; x_wconf 68' lang='lat' dir='ltr'>scr.</span> <span class='ocrx_word' id='word_1_207' title='bbox 262 1987 286 2008; x_wconf 87' lang='lat' dir='ltr'>n</span> <span class='ocrx_word' id='word_1_208' title='bbox 306 1977 369 2016; x_wconf 82' lang='lat' dir='ltr'>lm)</span> <span class='ocrx_word' id='word_1_209' title='bbox 442 1976 540 2017; x_wconf 65' lang='grc'>14115</span> <span class='ocrx_word' id='word_1_210' title='bbox 558 1975 776 2019; x_wconf 69' lang='lat' dir='ltr'>reprehenlsis</span> <span class='ocrx_word' id='word_1_211' title='bbox 793 1979 935 2010; x_wconf 73' lang='lat' dir='ltr'>uicentisi</span> <span class='ocrx_word' id='word_1_212' title='bbox 953 1977 1060 2022; x_wconf 77' lang='lat' dir='ltr'>(super</span> <span class='ocrx_word' id='word_1_213' title='bbox 1075 1979 1105 2010; x_wconf 90' lang='lat' dir='ltr'>ie</span> <span class='ocrx_word' id='word_1_214' title='bbox 1120 1989 1181 2009; x_wconf 87' lang='lat' dir='ltr'>scr.</span> <span class='ocrx_word' id='word_1_215' title='bbox 1198 1989 1219 2009; x_wconf 90' lang='lat' dir='ltr'>n</span> <span class='ocrx_word' id='word_1_216' title='bbox 1240 1976 1301 2022; x_wconf 85' lang='lat' dir='ltr'>lm)</span> <span class='ocrx_word' id='word_1_217' title='bbox 1377 1979 1416 2010; x_wconf 89' lang='lat'>15</span> <span class='ocrx_word' id='word_1_218' title='bbox 1441 1978 1499 2019; x_wconf 65' lang='lat' dir='ltr'>{ilii</span> <span class='ocrx_word' id='word_1_219' title='bbox 1573 1981 1612 2010; x_wconf 86' lang='grc'>16</span> <span class='ocrx_word' id='word_1_220' title='bbox 1638 1980 1754 2011; x_wconf 91' lang='lat' dir='ltr'>ducum</span> <span class='ocrx_word' id='word_1_221' title='bbox 1780 1981 1906 2011; x_wconf 73' lang='lat' dir='ltr'>Freins-</span> 
     </span>
     <span class='ocr_line' id='line_1_25' title="bbox 135 2015 1905 2068; baseline 0.002 -15"><span class='ocrx_word' id='word_1_222' title='bbox 135 2022 237 2055; x_wconf 82' lang='lat' dir='ltr'>heim:</span> <span class='ocrx_word' id='word_1_223' title='bbox 261 2025 379 2066; x_wconf 64' lang='lat' dir='ltr'>quolcfl</span> <span class='ocrx_word' id='word_1_224' title='bbox 472 2025 513 2054; x_wconf 89' lang='lat'>18</span> <span class='ocrx_word' id='word_1_225' title='bbox 539 2024 649 2063; x_wconf 76' lang='lat' dir='ltr'>paulifi</span> <span class='ocrx_word' id='word_1_226' title='bbox 675 2022 771 2068; x_wconf 86' lang='lat' dir='ltr'>(corr.</span> <span class='ocrx_word' id='word_1_227' title='bbox 800 2023 862 2067; x_wconf 87' lang='lat' dir='ltr'>lm)</span> <span class='ocrx_word' id='word_1_228' title='bbox 955 2026 1101 2063; x_wconf 86' lang='lat' dir='ltr'>aliosque</span> <span class='ocrx_word' id='word_1_229' title='bbox 1126 2034 1206 2063; x_wconf 89' lang='lat' dir='ltr'>quos</span> <span class='ocrx_word' id='word_1_230' title='bbox 1238 2024 1373 2055; x_wconf 81' lang='lat' dir='ltr'>Mciser:</span> <span class='ocrx_word' id='word_1_231' title='bbox 1396 2027 1439 2054; x_wconf 63' lang='lat' dir='ltr'>na</span> <span class='ocrx_word' id='word_1_232' title='bbox 1464 2034 1520 2055; x_wconf 90' lang='lat' dir='ltr'>eos</span> <span class='ocrx_word' id='word_1_233' title='bbox 1544 2015 1607 2064; x_wconf 61' lang='grc' dir='ltr'>ἔξᾳς</span> <span class='ocrx_word' id='word_1_234' title='bbox 1634 2025 1722 2066; x_wconf 86' lang='lat' dir='ltr'>[nam</span> <span class='ocrx_word' id='word_1_235' title='bbox 1747 2035 1802 2056; x_wconf 88' lang='lat' dir='ltr'>eos</span> <span class='ocrx_word' id='word_1_236' title='bbox 1827 2036 1905 2065; x_wconf 87' lang='lat' dir='ltr'>quo-</span> 
     </span>
    </p>
   </div>
   <div class='ocr_carea' id='block_1_6' title="bbox 135 2067 1903 2114">
    <p class='ocr_par' dir='ltr' id='par_1_8' title="bbox 135 2067 1903 2114">
     <span class='ocr_line' id='line_1_26' title="bbox 135 2067 1903 2114; baseline 0.002 -15"><span class='ocrx_word' id='word_1_237' title='bbox 135 2077 197 2107; x_wconf 89' lang='lat' dir='ltr'>que</span> <span class='ocrx_word' id='word_1_238' title='bbox 214 2067 301 2100; x_wconf 86' lang='lat' dir='ltr'>Otho</span> <span class='ocrx_word' id='word_1_239' title='bbox 317 2069 531 2109; x_wconf 81' lang='lat' dir='ltr'>praefecerat]</span> <span class='ocrx_word' id='word_1_240' title='bbox 555 2069 665 2108; x_wconf 73' lang='lat' dir='ltr'>Ritcer,</span> <span class='ocrx_word' id='word_1_241' title='bbox 691 2080 766 2101; x_wconf 84' lang='lat' dir='ltr'>narn</span> <span class='ocrx_word' id='word_1_242' title='bbox 791 2080 847 2102; x_wconf 89' lang='lat' dir='ltr'>eos</span> <span class='ocrx_word' id='word_1_243' title='bbox 871 2071 972 2110; x_wconf 88' lang='lat' dir='ltr'>copiis</span> <span class='ocrx_word' id='word_1_244' title='bbox 997 2070 1083 2101; x_wconf 87' lang='lat' dir='ltr'>Otho</span> <span class='ocrx_word' id='word_1_245' title='bbox 1108 2071 1310 2110; x_wconf 79' lang='lat' dir='ltr'>praefecerat</span> <span class='ocrx_word' id='word_1_246' title='bbox 1339 2068 1473 2107; x_wconf 79' lang='lat' dir='ltr'>Urlichs,</span> <span class='ocrx_word' id='word_1_247' title='bbox 1489 2068 1656 2114; x_wconf 71' lang='lat' dir='ltr'>[quoque]</span> <span class='ocrx_word' id='word_1_248' title='bbox 1683 2071 1782 2102; x_wconf 86' lang='lat' dir='ltr'>Halm</span> <span class='ocrx_word' id='word_1_249' title='bbox 1807 2073 1837 2102; x_wconf 87' lang='grc'>3.</span> <span class='ocrx_word' id='word_1_250' title='bbox 1854 2072 1903 2102; x_wconf 82' lang='lat' dir='ltr'>ed.</span> 
     </span>
    </p>
   </div>
   <div class='ocr_carea' id='block_1_7' title="bbox 133 2148 1918 2309">
    <p class='ocr_par' dir='ltr' id='par_1_9' title="bbox 133 2148 1918 2309">
     <span class='ocr_line' id='line_1_27' title="bbox 133 2148 1904 2194; baseline 0.001 -14"><span class='ocrx_word' id='word_1_251' title='bbox 133 2159 206 2181; x_wconf 83' lang='lat' dir='ltr'>rore</span> <span class='ocrx_word' id='word_1_252' title='bbox 223 2148 334 2180; x_wconf 67' lang='lat' dir='ltr'>OEvfcie</span> <span class='ocrx_word' id='word_1_253' title='bbox 357 2148 492 2189; x_wconf 63' lang='lat' dir='ltr'>genitus)</span> <span class='ocrx_word' id='word_1_254' title='bbox 518 2153 551 2182; x_wconf 91' lang='lat' dir='ltr'>et</span> <span class='ocrx_word' id='word_1_255' title='bbox 576 2151 606 2190; x_wconf 91' lang='lat'>5,</span> <span class='ocrx_word' id='word_1_256' title='bbox 627 2152 678 2182; x_wconf 85' lang='lat'>21.</span> <span class='ocrx_word' id='word_1_257' title='bbox 706 2168 747 2173; x_wconf 94' lang='lat'><strong>—</strong></span> <span class='ocrx_word' id='word_1_258' title='bbox 768 2148 998 2194; x_wconf 78' lang='lat' dir='ltr'>primipilaris]</span> <span class='ocrx_word' id='word_1_259' title='bbox 1035 2151 1105 2181; x_wconf 75' lang='lat' dir='ltr'>nait</span> <span class='ocrx_word' id='word_1_260' title='bbox 1135 2151 1170 2181; x_wconf 85' lang='lat' dir='ltr'>la</span> <span class='ocrx_word' id='word_1_261' title='bbox 1196 2150 1352 2190; x_wconf 71' lang='lat' dir='ltr'>premiere</span> <span class='ocrx_word' id='word_1_262' title='bbox 1384 2151 1487 2190; x_wconf 77' lang='lat' dir='ltr'>le&#39;qion</span> <span class='ocrx_word' id='word_1_263' title='bbox 1520 2161 1563 2181; x_wconf 84' lang='lat' dir='ltr'>au</span> <span class='ocrx_word' id='word_1_264' title='bbox 1597 2161 1720 2183; x_wconf 81' lang='lat' dir='ltr'>secem-s</span> <span class='ocrx_word' id='word_1_265' title='bbox 1755 2151 1793 2182; x_wconf 81' lang='lat' dir='ltr'>de</span> <span class='ocrx_word' id='word_1_266' title='bbox 1816 2152 1904 2182; x_wconf 81' lang='lat' dir='ltr'>Plai-</span> 
     </span>
     <span class='ocr_line' id='line_1_28' title="bbox 135 2206 1903 2245; baseline 0.002 -9"><span class='ocrx_word' id='word_1_267' title='bbox 135 2206 176 2237; x_wconf 78' lang='lat' dir='ltr'>ef.</span> <span class='ocrx_word' id='word_1_268' title='bbox 201 2206 244 2237; x_wconf 74' lang='lat' dir='ltr'>nd</span> <span class='ocrx_word' id='word_1_269' title='bbox 270 2208 300 2245; x_wconf 90' lang='lat'>1,</span> <span class='ocrx_word' id='word_1_270' title='bbox 326 2208 378 2239; x_wconf 91' lang='lat'>31.</span> <span class='ocrx_word' id='word_1_271' title='bbox 1037 2217 1129 2239; x_wconf 65' lang='lat' dir='ltr'>sance</span> <span class='ocrx_word' id='word_1_272' title='bbox 1152 2213 1182 2238; x_wconf 79' lang='lat' dir='ltr'>et</span> <span class='ocrx_word' id='word_1_273' title='bbox 1205 2208 1231 2238; x_wconf 79' lang='lat' dir='ltr'>il</span> <span class='ocrx_word' id='word_1_274' title='bbox 1253 2207 1388 2239; x_wconf 62' lang='lat' dir='ltr'>s’arreta</span> <span class='ocrx_word' id='word_1_275' title='bbox 1412 2210 1432 2238; x_wconf 83' lang='grc' dir='ltr'><strong>ὰ</strong></span> <span class='ocrx_word' id='word_1_276' title='bbox 1449 2208 1600 2239; x_wconf 85' lang='lat' dir='ltr'>Be&#39;driac.</span> <span class='ocrx_word' id='word_1_277' title='bbox 1644 2208 1678 2239; x_wconf 84' lang='lat' dir='ltr'>Il</span> <span class='ocrx_word' id='word_1_278' title='bbox 1700 2209 1806 2239; x_wconf 74' lang='lat' dir='ltr'>venait</span> <span class='ocrx_word' id='word_1_279' title='bbox 1822 2209 1903 2240; x_wconf 83' lang='lat' dir='ltr'>donc</span> 
     </span>
     <span class='ocr_line' id='line_1_29' title="bbox 184 2264 1918 2309; baseline 0.001 -14"><span class='ocrx_word' id='word_1_280' title='bbox 184 2264 238 2296; x_wconf 74' lang='lat'>83.</span> <span class='ocrx_word' id='word_1_281' title='bbox 286 2264 411 2304; x_wconf 47' lang='lat' dir='ltr'>diffisus</span> <span class='ocrx_word' id='word_1_282' title='bbox 428 2264 612 2309; x_wconf 71' lang='lat' dir='ltr'>paucitati]</span> <span class='ocrx_word' id='word_1_283' title='bbox 638 2265 684 2296; x_wconf 85' lang='lat' dir='ltr'>sic</span> <span class='ocrx_word' id='word_1_284' title='bbox 703 2268 789 2296; x_wconf 86' lang='lat' dir='ltr'>recte</span> <span class='ocrx_word' id='word_1_285' title='bbox 806 2265 839 2295; x_wconf 90' lang='lat' dir='ltr'>iu</span> <span class='ocrx_word' id='word_1_286' title='bbox 856 2265 999 2295; x_wconf 86' lang='lat' dir='ltr'>Mediceo</span> <span class='ocrx_word' id='word_1_287' title='bbox 1036 2265 1074 2295; x_wconf 86' lang='lat' dir='ltr'>de</span> <span class='ocrx_word' id='word_1_288' title='bbox 1100 2265 1176 2305; x_wconf 72' lang='lat' dir='ltr'>plus</span> <span class='ocrx_word' id='word_1_289' title='bbox 1209 2265 1276 2296; x_wconf 82' lang='lat' dir='ltr'>loin</span> <span class='ocrx_word' id='word_1_290' title='bbox 1311 2275 1366 2296; x_wconf 78' lang='lat' dir='ltr'>sur</span> <span class='ocrx_word' id='word_1_291' title='bbox 1397 2265 1432 2296; x_wconf 89' lang='lat' dir='ltr'>la</span> <span class='ocrx_word' id='word_1_292' title='bbox 1455 2270 1544 2296; x_wconf 78' lang='lat' dir='ltr'>route</span> <span class='ocrx_word' id='word_1_293' title='bbox 1567 2266 1606 2296; x_wconf 85' lang='lat' dir='ltr'>de</span> <span class='ocrx_word' id='word_1_294' title='bbox 1637 2266 1764 2297; x_wconf 62' lang='lat' dir='ltr'>Ver-one.</span> <span class='ocrx_word' id='word_1_295' title='bbox 1814 2265 1918 2297; x_wconf 70' lang='lat' dir='ltr'>Mais·</span> 
     </span>
    </p>
   </div>
   <div class='ocr_carea' id='block_1_8' title="bbox 131 2321 1008 3451">
    <p class='ocr_par' dir='ltr' id='par_1_10' title="bbox 131 2321 1008 3451">
     <span class='ocr_line' id='line_1_30' title="bbox 135 2321 1000 2362; baseline 0 -10"><span class='ocrx_word' id='word_1_296' title='bbox 135 2324 317 2353; x_wconf 85' lang='lat' dir='ltr'>correctum</span> <span class='ocrx_word' id='word_1_297' title='bbox 341 2322 490 2362; x_wconf 87' lang='lat' dir='ltr'>videtur,</span> <span class='ocrx_word' id='word_1_298' title='bbox 526 2323 602 2362; x_wconf 86' lang='lat' dir='ltr'>quia</span> <span class='ocrx_word' id='word_1_299' title='bbox 626 2332 786 2362; x_wconf 89' lang='lat' dir='ltr'>nusquam</span> <span class='ocrx_word' id='word_1_300' title='bbox 809 2322 884 2353; x_wconf 80' lang='lat' dir='ltr'>Tac.</span> <span class='ocrx_word' id='word_1_301' title='bbox 912 2321 1000 2361; x_wconf 55' lang='lat' dir='ltr'>diffl—</span> 
     </span>
     <span class='ocr_line' id='line_1_31' title="bbox 135 2378 1008 2420; baseline -0.002 -10"><span class='ocrx_word' id='word_1_302' title='bbox 135 2378 208 2410; x_wconf 78' lang='lat' dir='ltr'>dere</span> <span class='ocrx_word' id='word_1_303' title='bbox 233 2388 306 2410; x_wconf 89' lang='lat' dir='ltr'>cum</span> <span class='ocrx_word' id='word_1_304' title='bbox 330 2378 476 2410; x_wconf 85' lang='lat' dir='ltr'>ablativo</span> <span class='ocrx_word' id='word_1_305' title='bbox 499 2380 615 2420; x_wconf 87' lang='lat' dir='ltr'>iungit,</span> <span class='ocrx_word' id='word_1_306' title='bbox 640 2380 681 2412; x_wconf 85' lang='lat' dir='ltr'>cf.</span> <span class='ocrx_word' id='word_1_307' title='bbox 702 2379 823 2412; x_wconf 76' lang='lat' dir='ltr'>Gerber</span> <span class='ocrx_word' id='word_1_308' title='bbox 847 2383 878 2410; x_wconf 87' lang='lat' dir='ltr'>et</span> <span class='ocrx_word' id='word_1_309' title='bbox 903 2379 1008 2418; x_wconf 78' lang='lat' dir='ltr'>G‘reef</span> 
     </span>
     <span class='ocr_line' id='line_1_32' title="bbox 138 2435 999 2480; baseline -0.001 -13"><span class='ocrx_word' id='word_1_310' title='bbox 138 2436 218 2468; x_wconf 86' lang='lat' dir='ltr'>Lex.</span> <span class='ocrx_word' id='word_1_311' title='bbox 243 2436 320 2468; x_wconf 85' lang='lat' dir='ltr'>Tac.</span> <span class='ocrx_word' id='word_1_312' title='bbox 344 2453 390 2460; x_wconf 87' lang='lat'>-—</span> <span class='ocrx_word' id='word_1_313' title='bbox 423 2435 596 2480; x_wconf 68' lang='lat' dir='ltr'>Bedriaci]</span> <span class='ocrx_word' id='word_1_314' title='bbox 623 2437 721 2468; x_wconf 86' lang='lat' dir='ltr'>Varie</span> <span class='ocrx_word' id='word_1_315' title='bbox 746 2436 914 2468; x_wconf 83' lang='lat' dir='ltr'>scribitur:</span> <span class='ocrx_word' id='word_1_316' title='bbox 938 2436 999 2467; x_wconf 86' lang='lat' dir='ltr'>Be-</span> 
     </span>
     <span class='ocr_line' id='line_1_33' title="bbox 133 2490 999 2527; baseline 0.003 -3"><span class='ocrx_word' id='word_1_317' title='bbox 133 2493 270 2524; x_wconf 79' lang='lat' dir='ltr'>triacum</span> <span class='ocrx_word' id='word_1_318' title='bbox 294 2493 382 2525; x_wconf 86' lang='lat' dir='ltr'>Suet.</span> <span class='ocrx_word' id='word_1_319' title='bbox 420 2493 496 2525; x_wconf 83' lang='lat' dir='ltr'>oth.</span> <span class='ocrx_word' id='word_1_320' title='bbox 524 2495 554 2524; x_wconf 83' lang='lat'>9.</span> <span class='ocrx_word' id='word_1_321' title='bbox 579 2494 663 2525; x_wconf 83' lang='lat' dir='ltr'>Plut.</span> <span class='ocrx_word' id='word_1_322' title='bbox 690 2493 765 2525; x_wconf 82' lang='lat' dir='ltr'>Oth.</span> <span class='ocrx_word' id='word_1_323' title='bbox 791 2495 832 2526; x_wconf 88' lang='lat'>8:</span> <span class='ocrx_word' id='word_1_324' title='bbox 866 2490 937 2526; x_wconf 80' lang='grc' dir='ltr'>ἔστι</span> <span class='ocrx_word' id='word_1_325' title='bbox 961 2490 999 2527; x_wconf 78' lang='grc' dir='ltr'>δὲ</span> 
     </span>
     <span class='ocr_line' id='line_1_34' title="bbox 133 2547 996 2594; baseline -0.002 -10"><span class='ocrx_word' id='word_1_326' title='bbox 133 2547 272 2594; x_wconf 80' lang='grc' dir='ltr'>πολίχνη</span> <span class='ocrx_word' id='word_1_327' title='bbox 312 2548 451 2592; x_wconf 82' lang='grc' dir='ltr'>πλησίον</span> <span class='ocrx_word' id='word_1_328' title='bbox 491 2548 683 2593; x_wconf 78' lang='grc' dir='ltr'><strong>Κρεμώνης</strong></span> <span class='ocrx_word' id='word_1_329' title='bbox 722 2548 759 2585; x_wconf 75' lang='grc' dir='ltr'>τὸ</span> <span class='ocrx_word' id='word_1_330' title='bbox 796 2547 996 2592; x_wconf 77' lang='grc' dir='ltr'>Βητριακόν.</span> 
     </span>
     <span class='ocr_line' id='line_1_35' title="bbox 133 2604 998 2649; baseline -0.002 -9"><span class='ocrx_word' id='word_1_331' title='bbox 133 2604 328 2649; x_wconf 79' lang='grc' dir='ltr'><strong>Βηδριακόν</strong></span> <span class='ocrx_word' id='word_1_332' title='bbox 352 2611 402 2639; x_wconf 89' lang='lat' dir='ltr'>est</span> <span class='ocrx_word' id='word_1_333' title='bbox 425 2608 566 2648; x_wconf 89' lang='lat' dir='ltr'>Iosepho</span> <span class='ocrx_word' id='word_1_334' title='bbox 590 2608 628 2638; x_wconf 92' lang='lat' dir='ltr'>B.</span> <span class='ocrx_word' id='word_1_335' title='bbox 654 2609 679 2639; x_wconf 94' lang='lat'>1.</span> <span class='ocrx_word' id='word_1_336' title='bbox 707 2611 739 2648; x_wconf 86' lang='lat'>4,</span> <span class='ocrx_word' id='word_1_337' title='bbox 766 2610 796 2647; x_wconf 85' lang='lat'>9,</span> <span class='ocrx_word' id='word_1_338' title='bbox 823 2609 852 2640; x_wconf 82' lang='lat'>9.</span> <span class='ocrx_word' id='word_1_339' title='bbox 901 2608 998 2647; x_wconf 85' lang='lat' dir='ltr'>Apud</span> 
     </span>
     <span class='ocr_line' id='line_1_36' title="bbox 133 2664 995 2704; baseline -0.001 -8"><span class='ocrx_word' id='word_1_340' title='bbox 133 2664 270 2696; x_wconf 82' lang='lat' dir='ltr'>Hieron.</span> <span class='ocrx_word' id='word_1_341' title='bbox 295 2665 329 2696; x_wconf 88' lang='lat' dir='ltr'>in</span> <span class='ocrx_word' id='word_1_342' title='bbox 355 2665 477 2698; x_wconf 84' lang='lat' dir='ltr'>Chron.</span> <span class='ocrx_word' id='word_1_343' title='bbox 502 2666 586 2697; x_wconf 85' lang='lat' dir='ltr'>Scal.</span> <span class='ocrx_word' id='word_1_344' title='bbox 614 2666 800 2704; x_wconf 60' lang='lat' dir='ltr'>Veh-iactam,</span> <span class='ocrx_word' id='word_1_345' title='bbox 827 2665 885 2697; x_wconf 85' lang='lat' dir='ltr'>sed</span> <span class='ocrx_word' id='word_1_346' title='bbox 909 2665 995 2696; x_wconf 86' lang='lat' dir='ltr'>Rou-</span> 
     </span>
     <span class='ocr_line' id='line_1_37' title="bbox 133 2722 995 2762; baseline 0 -9"><span class='ocrx_word' id='word_1_347' title='bbox 133 2722 248 2753; x_wconf 75' lang='lat' dir='ltr'>callias</span> <span class='ocrx_word' id='word_1_348' title='bbox 271 2732 302 2762; x_wconf 89' lang='lat' dir='ltr'>p.</span> <span class='ocrx_word' id='word_1_349' title='bbox 322 2723 409 2754; x_wconf 82' lang='lat'>438:</span> <span class='ocrx_word' id='word_1_350' title='bbox 435 2722 634 2755; x_wconf 79' lang='lat' dir='ltr'>Bebn&#39;acum.</span> <span class='ocrx_word' id='word_1_351' title='bbox 684 2722 793 2755; x_wconf 89' lang='lat' dir='ltr'>Schol.</span> <span class='ocrx_word' id='word_1_352' title='bbox 820 2723 935 2754; x_wconf 86' lang='lat' dir='ltr'>Iuven.</span> <span class='ocrx_word' id='word_1_353' title='bbox 965 2724 995 2761; x_wconf 80' lang='lat'>2,</span> 
     </span>
     <span class='ocr_line' id='line_1_38' title="bbox 133 2777 997 2820; baseline 0 -10"><span class='ocrx_word' id='word_1_354' title='bbox 133 2779 192 2811; x_wconf 76' lang='lat'>99:</span> <span class='ocrx_word' id='word_1_355' title='bbox 229 2779 359 2811; x_wconf 67' lang='lat' dir='ltr'>Othonis</span> <span class='ocrx_word' id='word_1_356' title='bbox 382 2784 411 2810; x_wconf 84' lang='lat' dir='ltr'>et</span> <span class='ocrx_word' id='word_1_357' title='bbox 441 2777 560 2811; x_wconf 70' lang='lat' dir='ltr'>Vitellii</span> <span class='ocrx_word' id='word_1_358' title='bbox 589 2779 700 2811; x_wconf 84' lang='lat' dir='ltr'>bellum</span> <span class='ocrx_word' id='word_1_359' title='bbox 732 2780 862 2820; x_wconf 68' lang='lat' dir='ltr'>scripsit</span> <span class='ocrx_word' id='word_1_360' title='bbox 885 2779 997 2811; x_wconf 81' lang='lat' dir='ltr'>Corne-</span> 
     </span>
     <span class='ocr_line' id='line_1_39' title="bbox 131 2835 997 2878; baseline 0.002 -12"><span class='ocrx_word' id='word_1_361' title='bbox 131 2835 216 2876; x_wconf 52' lang='lat' dir='ltr'>lium</span> <span class='ocrx_word' id='word_1_362' title='bbox 239 2836 366 2878; x_wconf 47' lang='lat' dir='ltr'>scripsit</span> <span class='ocrx_word' id='word_1_363' title='bbox 389 2841 417 2868; x_wconf 77' lang='lat' dir='ltr'>et</span> <span class='ocrx_word' id='word_1_364' title='bbox 440 2836 604 2877; x_wconf 77' lang='lat' dir='ltr'>Pompeius</span> <span class='ocrx_word' id='word_1_365' title='bbox 629 2837 765 2875; x_wconf 78' lang='lat' dir='ltr'>Planta,</span> <span class='ocrx_word' id='word_1_366' title='bbox 791 2838 848 2877; x_wconf 77' lang='lat' dir='ltr'>qui</span> <span class='ocrx_word' id='word_1_367' title='bbox 868 2837 916 2868; x_wconf 77' lang='lat' dir='ltr'>ait</span> <span class='ocrx_word' id='word_1_368' title='bbox 938 2837 997 2868; x_wconf 87' lang='lat' dir='ltr'>Be-</span> 
     </span>
     <span class='ocr_line' id='line_1_40' title="bbox 134 2891 996 2938; baseline 0.001 -14"><span class='ocrx_word' id='word_1_369' title='bbox 134 2891 275 2924; x_wconf 75' lang='lat' dir='ltr'>brt&#39;acum</span> <span class='ocrx_word' id='word_1_370' title='bbox 309 2892 387 2938; x_wconf 85' lang='lat' dir='ltr'>(sic,</span> <span class='ocrx_word' id='word_1_371' title='bbox 425 2895 523 2926; x_wconf 87' lang='lat' dir='ltr'>etiam</span> <span class='ocrx_word' id='word_1_372' title='bbox 556 2895 589 2926; x_wconf 86' lang='lat' dir='ltr'>in</span> <span class='ocrx_word' id='word_1_373' title='bbox 623 2895 805 2926; x_wconf 87' lang='lat' dir='ltr'>Heinrichii</span> <span class='ocrx_word' id='word_1_374' title='bbox 840 2895 996 2926; x_wconf 86' lang='lat' dir='ltr'>Iuvenale</span> 
     </span>
     <span class='ocr_line' id='line_1_41' title="bbox 133 2948 993 2992; baseline 0.002 -12"><span class='ocrx_word' id='word_1_375' title='bbox 133 2948 219 2992; x_wconf 70' lang='lat' dir='ltr'>ipso)</span> <span class='ocrx_word' id='word_1_376' title='bbox 252 2950 352 2982; x_wconf 82' lang='lat' dir='ltr'>vicum</span> <span class='ocrx_word' id='word_1_377' title='bbox 375 2961 441 2982; x_wconf 73' lang='lat' dir='ltr'>esee</span> <span class='ocrx_word' id='word_1_378' title='bbox 464 2963 486 2983; x_wconf 91' lang='lat' dir='ltr'>a</span> <span class='ocrx_word' id='word_1_379' title='bbox 511 2951 665 2984; x_wconf 75' lang='lat' dir='ltr'>Cremona</span> <span class='ocrx_word' id='word_1_380' title='bbox 696 2952 842 2983; x_wconf 68' lang='lat' dir='ltr'>vicesimo</span> <span class='ocrx_word' id='word_1_381' title='bbox 874 2952 993 2992; x_wconf 76' lang='lat' dir='ltr'>lapide.</span> 
     </span>
     <span class='ocr_line' id='line_1_42' title="bbox 135 3005 995 3049; baseline 0.001 -12"><span class='ocrx_word' id='word_1_382' title='bbox 135 3005 340 3047; x_wconf 86' lang='lat' dir='ltr'>(Pompeium</span> <span class='ocrx_word' id='word_1_383' title='bbox 355 3008 507 3040; x_wconf 76' lang='lat' dir='ltr'>Plantam</span> <span class='ocrx_word' id='word_1_384' title='bbox 531 3010 714 3049; x_wconf 79' lang='lat' dir='ltr'>suspicatur</span> <span class='ocrx_word' id='word_1_385' title='bbox 738 3010 910 3041; x_wconf 82' lang='lat' dir='ltr'>Reiuesius</span> <span class='ocrx_word' id='word_1_386' title='bbox 934 3010 995 3049; x_wconf 87' lang='lat' dir='ltr'>Ep.</span> 
     </span>
     <span class='ocr_line' id='line_1_43' title="bbox 134 3062 994 3107; baseline 0.005 -13"><span class='ocrx_word' id='word_1_387' title='bbox 134 3062 265 3095; x_wconf 82' lang='lat' dir='ltr'>xxvn</span> <span class='ocrx_word' id='word_1_388' title='bbox 289 3074 370 3103; x_wconf 81' lang='lat' dir='ltr'>esse,</span> <span class='ocrx_word' id='word_1_389' title='bbox 395 3075 491 3105; x_wconf 85' lang='lat' dir='ltr'>quem</span> <span class='ocrx_word' id='word_1_390' title='bbox 515 3066 640 3098; x_wconf 86' lang='lat' dir='ltr'>Plinius</span> <span class='ocrx_word' id='word_1_391' title='bbox 666 3067 751 3107; x_wconf 85' lang='lat' dir='ltr'>Epp.</span> <span class='ocrx_word' id='word_1_392' title='bbox 777 3066 818 3097; x_wconf 87' lang='lat' dir='ltr'>ad</span> <span class='ocrx_word' id='word_1_393' title='bbox 836 3067 924 3098; x_wconf 86' lang='lat' dir='ltr'>Trai.</span> <span class='ocrx_word' id='word_1_394' title='bbox 954 3068 994 3098; x_wconf 88' lang='lat'>10</span> 
     </span>
     <span class='ocr_line' id='line_1_44' title="bbox 133 3121 994 3169; baseline 0.002 -18"><span class='ocrx_word' id='word_1_395' title='bbox 133 3124 231 3151; x_wconf 78' lang='lat' dir='ltr'>vocat</span> <span class='ocrx_word' id='word_1_396' title='bbox 252 3121 452 3160; x_wconf 78' lang='lat' dir='ltr'>praefectum</span> <span class='ocrx_word' id='word_1_397' title='bbox 475 3123 637 3163; x_wconf 79' lang='lat' dir='ltr'>Aegypti,</span> <span class='ocrx_word' id='word_1_398' title='bbox 671 3125 816 3169; x_wconf 10' lang='lat' dir='ltr'>amicum&amp;</span> <span class='ocrx_word' id='word_1_399' title='bbox 836 3123 994 3164; x_wconf 84' lang='lat' dir='ltr'>Traiani.)</span> 
     </span>
     <span class='ocr_line' id='line_1_45' title="bbox 133 3177 995 3221; baseline 0.003 -14"><span class='ocrx_word' id='word_1_400' title='bbox 133 3177 176 3207; x_wconf 80' lang='lat' dir='ltr'>Et</span> <span class='ocrx_word' id='word_1_401' title='bbox 199 3177 241 3208; x_wconf 89' lang='lat' dir='ltr'>ad</span> <span class='ocrx_word' id='word_1_402' title='bbox 263 3187 295 3208; x_wconf 85' lang='lat' dir='ltr'>v.</span> <span class='ocrx_word' id='word_1_403' title='bbox 319 3179 400 3211; x_wconf 83' lang='lat'>106:</span> <span class='ocrx_word' id='word_1_404' title='bbox 433 3179 606 3211; x_wconf 73' lang='lat' dir='ltr'>Bebriacoe</span> <span class='ocrx_word' id='word_1_405' title='bbox 631 3191 757 3221; x_wconf 76' lang='lat' dir='ltr'>campos</span> <span class='ocrx_word' id='word_1_406' title='bbox 782 3181 863 3212; x_wconf 73' lang='lat' dir='ltr'>incer</span> <span class='ocrx_word' id='word_1_407' title='bbox 886 3180 995 3212; x_wconf 79' lang='lat' dir='ltr'>Hosti-</span> 
     </span>
     <span class='ocr_line' id='line_1_46' title="bbox 133 3231 994 3277; baseline 0.006 -13"><span class='ocrx_word' id='word_1_408' title='bbox 133 3232 211 3264; x_wconf 79' lang='lat' dir='ltr'>liam</span> <span class='ocrx_word' id='word_1_409' title='bbox 246 3231 354 3277; x_wconf 87' lang='lat' dir='ltr'>(hodie</span> <span class='ocrx_word' id='word_1_410' title='bbox 381 3235 530 3277; x_wconf 69' lang='lat' dir='ltr'>ostiqlia)</span> <span class='ocrx_word' id='word_1_411' title='bbox 562 3241 590 3267; x_wconf 77' lang='lat' dir='ltr'>et</span> <span class='ocrx_word' id='word_1_412' title='bbox 614 3236 808 3269; x_wconf 81' lang='lat' dir='ltr'>Cremonam.</span> <span class='ocrx_word' id='word_1_413' title='bbox 826 3250 833 3259; x_wconf 75' lang='lat'>¹</span> <span class='ocrx_word' id='word_1_414' title='bbox 857 3238 994 3269; x_wconf 88' lang='lat' dir='ltr'>Hodier—</span> 
     </span>
     <span class='ocr_line' id='line_1_47' title="bbox 133 3291 994 3333; baseline 0.005 -13"><span class='ocrx_word' id='word_1_415' title='bbox 133 3299 211 3321; x_wconf 89' lang='lat' dir='ltr'>num</span> <span class='ocrx_word' id='word_1_416' title='bbox 235 3293 349 3330; x_wconf 72' lang='lat' dir='ltr'>putant</span> <span class='ocrx_word' id='word_1_417' title='bbox 372 3301 443 3323; x_wconf 77' lang='lat' dir='ltr'>esse</span> <span class='ocrx_word' id='word_1_418' title='bbox 467 3291 622 3333; x_wconf 75' lang='lat' dir='ltr'>Canneto,</span> <span class='ocrx_word' id='word_1_419' title='bbox 647 3295 702 3326; x_wconf 85' lang='lat' dir='ltr'>alii</span> <span class='ocrx_word' id='word_1_420' title='bbox 726 3296 842 3326; x_wconf 84' lang='lat' dir='ltr'>volunt</span> <span class='ocrx_word' id='word_1_421' title='bbox 865 3304 936 3326; x_wconf 82' lang='lat' dir='ltr'>esse</span> <span class='ocrx_word' id='word_1_422' title='bbox 959 3294 994 3325; x_wconf 86' lang='lat' dir='ltr'>la</span> 
     </span>
     <span class='ocr_line' id='line_1_48' title="bbox 132 3347 993 3391; baseline 0.006 -14"><span class='ocrx_word' id='word_1_423' title='bbox 132 3347 239 3386; x_wconf 83' lang='lat' dir='ltr'>Bina,</span> <span class='ocrx_word' id='word_1_424' title='bbox 273 3347 330 3378; x_wconf 81' lang='lat' dir='ltr'>alii</span> <span class='ocrx_word' id='word_1_425' title='bbox 358 3348 507 3384; x_wconf 75' lang='lat' dir='ltr'>Uetiano.</span> <span class='ocrx_word' id='word_1_426' title='bbox 541 3350 598 3381; x_wconf 89' lang='lat' dir='ltr'>alii</span> <span class='ocrx_word' id='word_1_427' title='bbox 629 3351 768 3391; x_wconf 87' lang='lat' dir='ltr'>denique</span> <span class='ocrx_word' id='word_1_428' title='bbox 793 3352 825 3382; x_wconf 78' lang='lat' dir='ltr'>S.</span> <span class='ocrx_word' id='word_1_429' title='bbox 850 3352 993 3383; x_wconf 71' lang='lat' dir='ltr'>Lorenxo</span> 
     </span>
     <span class='ocr_line' id='line_1_49' title="bbox 134 3405 992 3451; baseline 0.005 -16"><span class='ocrx_word' id='word_1_430' title='bbox 134 3405 310 3436; x_wconf 79' lang='lat' dir='ltr'>Guazzone.</span> <span class='ocrx_word' id='word_1_431' title='bbox 345 3405 384 3435; x_wconf 88' lang='lat' dir='ltr'>V.</span> <span class='ocrx_word' id='word_1_432' title='bbox 408 3405 487 3436; x_wconf 79' lang='lat' dir='ltr'>Exc.</span> <span class='ocrx_word' id='word_1_433' title='bbox 511 3406 536 3437; x_wconf 94' lang='lat'>1.</span> <span class='ocrx_word' id='word_1_434' title='bbox 565 3424 603 3430; x_wconf 95' lang='lat'>—</span> <span class='ocrx_word' id='word_1_435' title='bbox 642 3406 735 3451; x_wconf 69' lang='lat' dir='ltr'>sistit]</span> <span class='ocrx_word' id='word_1_436' title='bbox 771 3408 908 3446; x_wconf 76' lang='lat' dir='ltr'>„Gallus</span> <span class='ocrx_word' id='word_1_437' title='bbox 933 3420 992 3439; x_wconf 83' lang='lat' dir='ltr'>me-</span> 
     </span>
    </p>
   </div>
   <div class='ocr_carea' id='block_1_9' title="bbox 1013 2342 1019 2869">
    <p class='ocr_par' dir='ltr' id='par_1_11' title="bbox 1013 2342 1019 2869">
     <span class='ocr_line' id='line_1_50' title="bbox 1013 2342 1019 2869; baseline 0 0"><span class='ocrx_word' id='word_1_438' title='bbox 1013 2342 1019 2869; x_wconf 95' lang='lat' dir='ltr'> </span> 
     </span>
    </p>
   </div>
   <div class='ocr_carea' id='block_1_10' title="bbox 1011 2987 1014 3221">
    <p class='ocr_par' dir='ltr' id='par_1_12' title="bbox 1011 2987 1014 3221">
     <span class='ocr_line' id='line_1_51' title="bbox 1011 2987 1014 3221; baseline 0 451"><span class='ocrx_word' id='word_1_439' title='bbox 1011 2987 1014 3221; x_wconf 95' lang='lat' dir='ltr'> </span> 
     </span>
    </p>
   </div>
   <div class='ocr_carea' id='block_1_11' title="bbox 1009 3224 1014 3439">
    <p class='ocr_par' dir='ltr' id='par_1_13' title="bbox 1009 3224 1014 3439">
     <span class='ocr_line' id='line_1_52' title="bbox 1009 3224 1014 3439; baseline 0 233"><span class='ocrx_word' id='word_1_440' title='bbox 1009 3224 1014 3439; x_wconf 95' lang='lat' dir='ltr'> </span> 
     </span>
    </p>
   </div>
   <div class='ocr_carea' id='block_1_12' title="bbox 1028 2321 1903 3454">
    <p class='ocr_par' dir='ltr' id='par_1_14' title="bbox 1028 2321 1903 3454">
     <span class='ocr_line' id='line_1_53' title="bbox 1028 2321 1903 2363; baseline 0.002 -11"><span class='ocrx_word' id='word_1_441' title='bbox 1028 2323 1192 2361; x_wconf 74' lang='lat' dir='ltr'>pom-quoi</span> <span class='ocrx_word' id='word_1_442' title='bbox 1213 2322 1412 2354; x_wconf 64' lang='lat' dir='ltr'>s’awe‘te-t-il</span> <span class='ocrx_word' id='word_1_443' title='bbox 1434 2322 1487 2354; x_wconf 76' lang='lat' dir='ltr'>des</span> <span class='ocrx_word' id='word_1_444' title='bbox 1504 2321 1582 2362; x_wconf 76' lang='lat' dir='ltr'>qu&#39;il</span> <span class='ocrx_word' id='word_1_445' title='bbox 1603 2323 1751 2363; x_wconf 77' lang='lat' dir='ltr'>apprend</span> <span class='ocrx_word' id='word_1_446' title='bbox 1771 2324 1805 2354; x_wconf 86' lang='lat' dir='ltr'>la</span> <span class='ocrx_word' id='word_1_447' title='bbox 1822 2323 1903 2354; x_wconf 79' lang='lat' dir='ltr'>leve&#39;e</span> 
     </span>
     <span class='ocr_line' id='line_1_54' title="bbox 1036 2379 1902 2424; baseline 0.003 -15"><span class='ocrx_word' id='word_1_448' title='bbox 1036 2379 1078 2410; x_wconf 84' lang='lat' dir='ltr'>du</span> <span class='ocrx_word' id='word_1_449' title='bbox 1103 2379 1210 2418; x_wconf 71' lang='lat' dir='ltr'>sieqe?</span> <span class='ocrx_word' id='word_1_450' title='bbox 1228 2390 1315 2420; x_wconf 80' lang='lat' dir='ltr'>pour</span> <span class='ocrx_word' id='word_1_451' title='bbox 1337 2380 1415 2411; x_wconf 75' lang='lat' dir='ltr'>crois</span> <span class='ocrx_word' id='word_1_452' title='bbox 1439 2381 1588 2412; x_wconf 79' lang='lat' dir='ltr'>raisons:</span> <span class='ocrx_word' id='word_1_453' title='bbox 1616 2379 1647 2424; x_wconf 88' lang='lat'>1)</span> <span class='ocrx_word' id='word_1_454' title='bbox 1673 2390 1706 2411; x_wconf 92' lang='lat' dir='ltr'>ce</span> <span class='ocrx_word' id='word_1_455' title='bbox 1722 2380 1801 2420; x_wconf 64' lang='lat' dir='ltr'>sz&#39;eqe</span> <span class='ocrx_word' id='word_1_456' title='bbox 1817 2381 1902 2412; x_wconf 71' lang='lat' dir='ltr'>e&#39;tant</span> 
     </span>
     <span class='ocr_line' id='line_1_55' title="bbox 1034 2436 1901 2479; baseline 0.002 -12"><span class='ocrx_word' id='word_1_457' title='bbox 1034 2437 1116 2475; x_wconf 79' lang='lat' dir='ltr'>leve&#39;,</span> <span class='ocrx_word' id='word_1_458' title='bbox 1142 2446 1198 2468; x_wconf 76' lang='lat' dir='ltr'>son</span> <span class='ocrx_word' id='word_1_459' title='bbox 1222 2438 1303 2477; x_wconf 77' lang='lat' dir='ltr'>objet</span> <span class='ocrx_word' id='word_1_460' title='bbox 1326 2438 1402 2469; x_wconf 78' lang='lat' dir='ltr'>e&#39;tait</span> <span class='ocrx_word' id='word_1_461' title='bbox 1424 2438 1558 2478; x_wconf 77' lang='lat' dir='ltr'>rempli;</span> <span class='ocrx_word' id='word_1_462' title='bbox 1594 2436 1627 2479; x_wconf 87' lang='grc'>2)</span> <span class='ocrx_word' id='word_1_463' title='bbox 1652 2443 1773 2469; x_wconf 74' lang='lat' dir='ltr'>restant</span> <span class='ocrx_word' id='word_1_464' title='bbox 1795 2439 1816 2468; x_wconf 85' lang='grc' dir='ltr'><strong><em>ὰ</em></strong></span> <span class='ocrx_word' id='word_1_465' title='bbox 1840 2439 1901 2469; x_wconf 82' lang='grc' dir='ltr'>Βέ-</span> 
     </span>
     <span class='ocr_line' id='line_1_56' title="bbox 1035 2493 1900 2535; baseline 0.003 -12"><span class='ocrx_word' id='word_1_466' title='bbox 1035 2493 1138 2533; x_wconf 86' lang='lat' dir='ltr'>driac,</span> <span class='ocrx_word' id='word_1_467' title='bbox 1165 2495 1191 2525; x_wconf 78' lang='lat' dir='ltr'>il</span> <span class='ocrx_word' id='word_1_468' title='bbox 1204 2494 1279 2525; x_wconf 75' lang='lat' dir='ltr'>e&#39;tait</span> <span class='ocrx_word' id='word_1_469' title='bbox 1294 2496 1315 2526; x_wconf 85' lang='grc' dir='ltr'><strong><em>ὰ</em></strong></span> <span class='ocrx_word' id='word_1_470' title='bbox 1331 2496 1425 2525; x_wconf 63' lang='lat' dir='ltr'>meme</span> <span class='ocrx_word' id='word_1_471' title='bbox 1443 2493 1539 2526; x_wconf 72' lang='lat' dir='ltr'>d’e‘tre</span> <span class='ocrx_word' id='word_1_472' title='bbox 1552 2495 1641 2535; x_wconf 76' lang='lat' dir='ltr'>joint</span> <span class='ocrx_word' id='word_1_473' title='bbox 1652 2495 1728 2535; x_wconf 78' lang='lat' dir='ltr'>plus</span> <span class='ocrx_word' id='word_1_474' title='bbox 1738 2500 1900 2535; x_wconf 74' lang='lat' dir='ltr'>prompte—</span> 
     </span>
     <span class='ocr_line' id='line_1_57' title="bbox 1033 2551 1901 2592; baseline 0.002 -11"><span class='ocrx_word' id='word_1_475' title='bbox 1033 2556 1115 2582; x_wconf 81' lang='lat' dir='ltr'>ment</span> <span class='ocrx_word' id='word_1_476' title='bbox 1143 2563 1211 2591; x_wconf 78' lang='lat' dir='ltr'>par</span> <span class='ocrx_word' id='word_1_477' title='bbox 1244 2551 1288 2582; x_wconf 77' lang='lat' dir='ltr'>les</span> <span class='ocrx_word' id='word_1_478' title='bbox 1323 2552 1442 2591; x_wconf 71' lang='lat' dir='ltr'>le&#39;qions</span> <span class='ocrx_word' id='word_1_479' title='bbox 1479 2552 1515 2583; x_wconf 83' lang='lat' dir='ltr'>de</span> <span class='ocrx_word' id='word_1_480' title='bbox 1549 2552 1739 2590; x_wconf 79' lang='lat' dir='ltr'>l’Illyricnm</span> <span class='ocrx_word' id='word_1_481' title='bbox 1775 2557 1804 2583; x_wconf 77' lang='lat' dir='ltr'>et</span> <span class='ocrx_word' id='word_1_482' title='bbox 1831 2563 1901 2592; x_wconf 80' lang='lat' dir='ltr'>par</span> 
     </span>
     <span class='ocr_line' id='line_1_58' title="bbox 1036 2608 1899 2649; baseline 0.001 -10"><span class='ocrx_word' id='word_1_483' title='bbox 1036 2608 1136 2639; x_wconf 74' lang='lat' dir='ltr'>Othon</span> <span class='ocrx_word' id='word_1_484' title='bbox 1159 2609 1214 2647; x_wconf 76' lang='lat' dir='ltr'>qui</span> <span class='ocrx_word' id='word_1_485' title='bbox 1245 2610 1320 2640; x_wconf 76' lang='lat' dir='ltr'>e&#39;tait</span> <span class='ocrx_word' id='word_1_486' title='bbox 1352 2609 1432 2640; x_wconf 74' lang='lat' dir='ltr'>reste&#39;</span> <span class='ocrx_word' id='word_1_487' title='bbox 1456 2609 1534 2649; x_wconf 76' lang='lat' dir='ltr'>plus</span> <span class='ocrx_word' id='word_1_488' title='bbox 1566 2609 1631 2640; x_wconf 87' lang='lat' dir='ltr'>loin</span> <span class='ocrx_word' id='word_1_489' title='bbox 1656 2620 1742 2649; x_wconf 77' lang='lat' dir='ltr'>pour</span> <span class='ocrx_word' id='word_1_490' title='bbox 1775 2610 1818 2640; x_wconf 81' lang='lat' dir='ltr'>les</span> <span class='ocrx_word' id='word_1_491' title='bbox 1853 2615 1899 2640; x_wconf 74' lang='lat' dir='ltr'>at-</span> 
     </span>
     <span class='ocr_line' id='line_1_59' title="bbox 1033 2665 1899 2707; baseline 0.001 -11"><span class='ocrx_word' id='word_1_492' title='bbox 1033 2666 1161 2705; x_wconf 81' lang='lat' dir='ltr'>tendre,·</span> <span class='ocrx_word' id='word_1_493' title='bbox 1199 2665 1232 2707; x_wconf 87' lang='lat'>3)</span> <span class='ocrx_word' id='word_1_494' title='bbox 1253 2666 1280 2697; x_wconf 83' lang='lat' dir='ltr'>il</span> <span class='ocrx_word' id='word_1_495' title='bbox 1303 2677 1323 2706; x_wconf 77' lang='lat' dir='ltr'><strong><em>y</em></strong></span> <span class='ocrx_word' id='word_1_496' title='bbox 1348 2666 1456 2697; x_wconf 74' lang='lat' dir='ltr'>aurait</span> <span class='ocrx_word' id='word_1_497' title='bbox 1479 2676 1516 2697; x_wconf 82' lang='lat' dir='ltr'>eu</span> <span class='ocrx_word' id='word_1_498' title='bbox 1540 2667 1578 2697; x_wconf 85' lang='lat' dir='ltr'>de</span> <span class='ocrx_word' id='word_1_499' title='bbox 1601 2667 1635 2697; x_wconf 84' lang='lat' dir='ltr'>la</span> <span class='ocrx_word' id='word_1_500' title='bbox 1652 2666 1737 2706; x_wconf 83' lang='lat' dir='ltr'>solie</span> <span class='ocrx_word' id='word_1_501' title='bbox 1771 2668 1792 2697; x_wconf 84' lang='grc' dir='ltr'><em>ὰ</em></span> <span class='ocrx_word' id='word_1_502' title='bbox 1817 2667 1899 2697; x_wconf 79' lang='lat' dir='ltr'>aller</span> 
     </span>
     <span class='ocr_line' id='line_1_60' title="bbox 1034 2723 1899 2764; baseline 0.001 -10"><span class='ocrx_word' id='word_1_503' title='bbox 1034 2733 1065 2754; x_wconf 79' lang='lat' dir='ltr'>se</span> <span class='ocrx_word' id='word_1_504' title='bbox 1088 2723 1189 2754; x_wconf 66' lang='lat' dir='ltr'>batere</span> <span class='ocrx_word' id='word_1_505' title='bbox 1212 2733 1251 2754; x_wconf 85' lang='lat' dir='ltr'>en</span> <span class='ocrx_word' id='word_1_506' title='bbox 1273 2733 1347 2756; x_wconf 77' lang='lat' dir='ltr'>rase</span> <span class='ocrx_word' id='word_1_507' title='bbox 1363 2734 1546 2764; x_wconf 75' lang='lat' dir='ltr'>campayne,</span> <span class='ocrx_word' id='word_1_508' title='bbox 1571 2728 1600 2755; x_wconf 76' lang='lat' dir='ltr'>et</span> <span class='ocrx_word' id='word_1_509' title='bbox 1616 2734 1692 2755; x_wconf 83' lang='lat' dir='ltr'>avec</span> <span class='ocrx_word' id='word_1_510' title='bbox 1714 2734 1774 2755; x_wconf 83' lang='lat' dir='ltr'>une</span> <span class='ocrx_word' id='word_1_511' title='bbox 1797 2725 1899 2764; x_wconf 68' lang='lat' dir='ltr'>Ze&#39;yion</span> 
     </span>
     <span class='ocr_line' id='line_1_61' title="bbox 1033 2780 1898 2820; baseline 0.001 -9"><span class='ocrx_word' id='word_1_512' title='bbox 1033 2780 1088 2820; x_wconf 81' lang='lat' dir='ltr'>qui</span> <span class='ocrx_word' id='word_1_513' title='bbox 1108 2780 1232 2811; x_wconf 74' lang='lat' dir='ltr'>n’avait</span> <span class='ocrx_word' id='word_1_514' title='bbox 1249 2791 1314 2820; x_wconf 77' lang='lat' dir='ltr'>pas</span> <span class='ocrx_word' id='word_1_515' title='bbox 1339 2791 1449 2812; x_wconf 79' lang='lat' dir='ltr'>encore</span> <span class='ocrx_word' id='word_1_516' title='bbox 1474 2791 1514 2812; x_wconf 81' lang='lat' dir='ltr'>vu</span> <span class='ocrx_word' id='word_1_517' title='bbox 1538 2780 1691 2820; x_wconf 83' lang='lat' dir='ltr'>Z&#39;ennemi,</span> <span class='ocrx_word' id='word_1_518' title='bbox 1717 2786 1823 2812; x_wconf 80' lang='lat' dir='ltr'>contre</span> <span class='ocrx_word' id='word_1_519' title='bbox 1838 2792 1898 2813; x_wconf 84' lang='lat' dir='ltr'>une</span> 
     </span>
     <span class='ocr_line' id='line_1_62' title="bbox 1032 2838 1899 2871; baseline 0.003 -3"><span class='ocrx_word' id='word_1_520' title='bbox 1032 2838 1134 2869; x_wconf 78' lang='lat' dir='ltr'>arme&#39;e</span> <span class='ocrx_word' id='word_1_521' title='bbox 1151 2838 1206 2869; x_wconf 76' lang='lat' dir='ltr'>des</span> <span class='ocrx_word' id='word_1_522' title='bbox 1222 2839 1344 2870; x_wconf 76' lang='lat' dir='ltr'>soldats</span> <span class='ocrx_word' id='word_1_523' title='bbox 1360 2838 1511 2869; x_wconf 66' lang='lat' dir='ltr'>veter-ans.</span> <span class='ocrx_word' id='word_1_524' title='bbox 1560 2838 1617 2869; x_wconf 75' lang='lat' dir='ltr'>Ces</span> <span class='ocrx_word' id='word_1_525' title='bbox 1640 2838 1768 2870; x_wconf 77' lang='lat' dir='ltr'>raisons</span> <span class='ocrx_word' id='word_1_526' title='bbox 1784 2839 1899 2871; x_wconf 68' lang='lat' dir='ltr'>ezaient</span> 
     </span>
     <span class='ocr_line' id='line_1_63' title="bbox 1032 2895 1898 2936; baseline 0.002 -10"><span class='ocrx_word' id='word_1_527' title='bbox 1032 2896 1147 2927; x_wconf 77' lang='lat' dir='ltr'>solides</span> <span class='ocrx_word' id='word_1_528' title='bbox 1181 2900 1209 2926; x_wconf 79' lang='lat' dir='ltr'>et</span> <span class='ocrx_word' id='word_1_529' title='bbox 1233 2895 1340 2934; x_wconf 69' lang='lat' dir='ltr'>dignes</span> <span class='ocrx_word' id='word_1_530' title='bbox 1373 2895 1410 2926; x_wconf 83' lang='lat' dir='ltr'>de</span> <span class='ocrx_word' id='word_1_531' title='bbox 1434 2895 1468 2926; x_wconf 89' lang='lat' dir='ltr'>la</span> <span class='ocrx_word' id='word_1_532' title='bbox 1491 2895 1639 2927; x_wconf 74' lang='lat' dir='ltr'>macurite&#39;</span> <span class='ocrx_word' id='word_1_533' title='bbox 1672 2895 1710 2926; x_wconf 82' lang='lat' dir='ltr'>de</span> <span class='ocrx_word' id='word_1_534' title='bbox 1736 2895 1898 2936; x_wconf 64' lang='lat' dir='ltr'>jugement</span> 
     </span>
     <span class='ocr_line' id='line_1_64' title="bbox 1032 2952 1897 2992; baseline 0.002 -9"><span class='ocrx_word' id='word_1_535' title='bbox 1032 2953 1087 2992; x_wconf 72' lang='lat' dir='ltr'>qui</span> <span class='ocrx_word' id='word_1_536' title='bbox 1107 2953 1136 2983; x_wconf 88' lang='lat' dir='ltr'>Ie</span> <span class='ocrx_word' id='word_1_537' title='bbox 1159 2952 1398 2984; x_wconf 59' lang='lat' dir='ltr'>carae-terisait:</span> <span class='ocrx_word' id='word_1_538' title='bbox 1422 2953 1642 2984; x_wconf 81' lang='lat' dir='ltr'>maturitatem</span> <span class='ocrx_word' id='word_1_539' title='bbox 1667 2952 1777 2991; x_wconf 85' lang='lat' dir='ltr'>Galli,</span> <span class='ocrx_word' id='word_1_540' title='bbox 1803 2964 1825 2984; x_wconf 87' lang='lat' dir='ltr'>a</span> <span class='ocrx_word' id='word_1_541' title='bbox 1850 2954 1897 2985; x_wconf 73' lang='lat' dir='ltr'>dic</span> 
     </span>
     <span class='ocr_line' id='line_1_65' title="bbox 1036 3009 1895 3049; baseline 0.002 -9"><span class='ocrx_word' id='word_1_542' title='bbox 1036 3010 1161 3048; x_wconf 76' lang='lat' dir='ltr'>Tacite,</span> <span class='ocrx_word' id='word_1_543' title='bbox 1190 3011 1219 3049; x_wconf 91' lang='lat'>1,</span> <span class='ocrx_word' id='word_1_544' title='bbox 1245 3012 1301 3041; x_wconf 84' lang='grc'>87.</span> <span class='ocrx_word' id='word_1_545' title='bbox 1333 3010 1484 3040; x_wconf 68' lang='lat' dir='ltr'>Fanum</span> <span class='ocrx_word' id='word_1_546' title='bbox 1511 3027 1555 3032; x_wconf 93' lang='lat'>—</span> <span class='ocrx_word' id='word_1_547' title='bbox 1581 3009 1704 3041; x_wconf 70' lang='lat' dir='ltr'>duabus</span> <span class='ocrx_word' id='word_1_548' title='bbox 1728 3027 1771 3033; x_wconf 87' lang='lat'>—</span> <span class='ocrx_word' id='word_1_549' title='bbox 1795 3011 1895 3042; x_wconf 83' lang='lat' dir='ltr'>cladi-</span> 
     </span>
     <span class='ocr_line' id='line_1_66' title="bbox 1033 3064 1895 3109; baseline 0.005 -13"><span class='ocrx_word' id='word_1_550' title='bbox 1033 3064 1101 3109; x_wconf 84' lang='lat' dir='ltr'>bus]</span> <span class='ocrx_word' id='word_1_551' title='bbox 1127 3067 1239 3097; x_wconf 84' lang='lat' dir='ltr'>Altera</span> <span class='ocrx_word' id='word_1_552' title='bbox 1264 3065 1422 3104; x_wconf 78' lang='lat' dir='ltr'>Othonis,</span> <span class='ocrx_word' id='word_1_553' title='bbox 1449 3066 1573 3098; x_wconf 88' lang='lat' dir='ltr'>victore</span> <span class='ocrx_word' id='word_1_554' title='bbox 1598 3067 1752 3107; x_wconf 81' lang='lat' dir='ltr'>Vitelli03</span> <span class='ocrx_word' id='word_1_555' title='bbox 1790 3069 1895 3100; x_wconf 84' lang='lat' dir='ltr'>altera</span> 
     </span>
     <span class='ocr_line' id='line_1_67' title="bbox 1031 3123 1894 3165; baseline 0.005 -11"><span class='ocrx_word' id='word_1_556' title='bbox 1031 3124 1175 3163; x_wconf 83' lang='lat' dir='ltr'>Vitellii,</span> <span class='ocrx_word' id='word_1_557' title='bbox 1224 3123 1373 3154; x_wconf 77' lang='lat' dir='ltr'>vlucente</span> <span class='ocrx_word' id='word_1_558' title='bbox 1416 3123 1638 3162; x_wconf 84' lang='lat' dir='ltr'>Vespasiano,</span> <span class='ocrx_word' id='word_1_559' title='bbox 1680 3124 1720 3156; x_wconf 87' lang='lat' dir='ltr'>de</span> <span class='ocrx_word' id='word_1_560' title='bbox 1759 3134 1823 3164; x_wconf 85' lang='lat' dir='ltr'>qua</span> <span class='ocrx_word' id='word_1_561' title='bbox 1863 3128 1894 3165; x_wconf 88' lang='lat'>3,</span> 
     </span>
     <span class='ocr_line' id='line_1_68' title="bbox 1035 3179 1893 3223; baseline 0.003 -13"><span class='ocrx_word' id='word_1_562' title='bbox 1035 3182 1074 3212; x_wconf 91' lang='lat'>15</span> <span class='ocrx_word' id='word_1_563' title='bbox 1091 3190 1161 3219; x_wconf 84' lang='lat' dir='ltr'>sqq.</span> <span class='ocrx_word' id='word_1_564' title='bbox 1203 3179 1252 3210; x_wconf 83' lang='lat' dir='ltr'>Ea</span> <span class='ocrx_word' id='word_1_565' title='bbox 1270 3180 1368 3219; x_wconf 87' lang='lat' dir='ltr'>vulgo</span> <span class='ocrx_word' id='word_1_566' title='bbox 1386 3179 1503 3211; x_wconf 87' lang='lat' dir='ltr'>dieitur</span> <span class='ocrx_word' id='word_1_567' title='bbox 1518 3181 1560 3211; x_wconf 84' lang='lat' dir='ltr'>ad</span> <span class='ocrx_word' id='word_1_568' title='bbox 1577 3181 1772 3213; x_wconf 79' lang='lat' dir='ltr'>Cremonam</span> <span class='ocrx_word' id='word_1_569' title='bbox 1790 3182 1893 3223; x_wconf 77' lang='lat' dir='ltr'>faeta3</span> 
     </span>
     <span class='ocr_line' id='line_1_69' title="bbox 1030 3235 1894 3279; baseline 0.003 -11"><span class='ocrx_word' id='word_1_570' title='bbox 1030 3237 1088 3268; x_wconf 85' lang='lat' dir='ltr'>sed</span> <span class='ocrx_word' id='word_1_571' title='bbox 1111 3237 1195 3267; x_wconf 87' lang='lat' dir='ltr'>inter</span> <span class='ocrx_word' id='word_1_572' title='bbox 1220 3235 1415 3268; x_wconf 79' lang='lat' dir='ltr'>Cremonam</span> <span class='ocrx_word' id='word_1_573' title='bbox 1440 3241 1472 3268; x_wconf 89' lang='lat' dir='ltr'>et</span> <span class='ocrx_word' id='word_1_574' title='bbox 1496 3237 1689 3269; x_wconf 79' lang='lat' dir='ltr'>Bedriacum</span> <span class='ocrx_word' id='word_1_575' title='bbox 1713 3243 1894 3279; x_wconf 80' lang='lat' dir='ltr'>pugnatum</span> 
     </span>
     <span class='ocr_line' id='line_1_70' title="bbox 1030 3293 1893 3336; baseline 0.003 -11"><span class='ocrx_word' id='word_1_576' title='bbox 1030 3298 1079 3325; x_wconf 83' lang='lat' dir='ltr'>est</span> <span class='ocrx_word' id='word_1_577' title='bbox 1114 3302 1215 3332; x_wconf 83' lang='lat' dir='ltr'>eaque</span> <span class='ocrx_word' id='word_1_578' title='bbox 1252 3293 1291 3324; x_wconf 86' lang='lat' dir='ltr'>de</span> <span class='ocrx_word' id='word_1_579' title='bbox 1324 3303 1421 3325; x_wconf 81' lang='lat' dir='ltr'>causa</span> <span class='ocrx_word' id='word_1_580' title='bbox 1461 3294 1588 3333; x_wconf 85' lang='lat' dir='ltr'>utrique</span> <span class='ocrx_word' id='word_1_581' title='bbox 1624 3295 1696 3326; x_wconf 84' lang='lat' dir='ltr'>loco</span> <span class='ocrx_word' id='word_1_582' title='bbox 1732 3297 1893 3336; x_wconf 83' lang='lat' dir='ltr'>proelium</span> 
     </span>
     <span class='ocr_line' id='line_1_71' title="bbox 1030 3350 1891 3391; baseline 0.005 -11"><span class='ocrx_word' id='word_1_583' title='bbox 1030 3360 1118 3381; x_wconf 84' lang='lat' dir='ltr'>more</span> <span class='ocrx_word' id='word_1_584' title='bbox 1152 3350 1347 3389; x_wconf 79' lang='lat' dir='ltr'>scriptorum</span> <span class='ocrx_word' id='word_1_585' title='bbox 1382 3351 1547 3390; x_wconf 84' lang='lat' dir='ltr'>adsignari</span> <span class='ocrx_word' id='word_1_586' title='bbox 1581 3354 1697 3391; x_wconf 85' lang='lat' dir='ltr'>potest.</span> <span class='ocrx_word' id='word_1_587' title='bbox 1733 3353 1822 3384; x_wconf 70' lang='lat' dir='ltr'>Eun.</span> <span class='ocrx_word' id='word_1_588' title='bbox 1848 3371 1891 3377; x_wconf 91' lang='lat'>—</span> 
     </span>
     <span class='ocr_line' id='line_1_72' title="bbox 1030 3405 1890 3454; baseline 0.005 -17"><span class='ocrx_word' id='word_1_589' title='bbox 1030 3409 1063 3438; x_wconf 76' lang='lat' dir='ltr'>in</span> <span class='ocrx_word' id='word_1_590' title='bbox 1087 3405 1268 3450; x_wconf 60' lang='lat' dir='ltr'>adversam]</span> <span class='ocrx_word' id='word_1_591' title='bbox 1301 3408 1333 3438; x_wconf 85' lang='lat' dir='ltr'>iu</span> <span class='ocrx_word' id='word_1_592' title='bbox 1358 3408 1532 3440; x_wconf 83' lang='lat' dir='ltr'>sinistram.</span> <span class='ocrx_word' id='word_1_593' title='bbox 1559 3425 1602 3431; x_wconf 93' lang='lat'><strong>—</strong></span> <span class='ocrx_word' id='word_1_594' title='bbox 1635 3408 1778 3448; x_wconf 71' lang='lat' dir='ltr'>aliosque</span> <span class='ocrx_word' id='word_1_595' title='bbox 1802 3409 1890 3454; x_wconf 68' lang='lat' dir='ltr'>quos]</span> 
     </span>
    </p>
   </div>
  </div>
 </body>
</html>
