2176 3672
672 261 844 306 LIBER
871 260 945 305 IV.
1004 262 1104 318 Cap.
1136 264 1202 308 31.
1236 265 1303 308 32.
1335 265 1403 308 33.
1432 264 1498 309 34.
1886 266 1971 310 485

200 378 336 430 ptum,
375 377 582 420 adversus
620 377 824 421 Voculam
867 378 1181 433 exercitumque
1225 380 1317 424 eius
1360 381 1506 434 mittit,
1546 381 1656 424 Iulio
1695 381 1881 425 Maximo
1927 385 1971 425 et

201 455 376 500 Claudio
405 455 592 512 Victore,
625 459 782 502 sororis
813 471 916 502 suae
946 457 1045 512 filie,
1075 459 1265 502 ducibus.
1312 460 1486 513 rapiunt
1514 461 1557 504 in
1588 462 1775 504 transitu
1794 461 1970 505 hiberna

199 535 294 578 alae
314 534 567 590 Asciburgii
595 538 704 589 sita3
734 539 924 592 adeoque
943 538 1150 592 inprovisi
1170 543 1312 582 castra
1331 540 1583 593 involavere,
1613 545 1663 584 ut
1683 554 1765 584 nou
1785 541 1970 596 adloqui,

199 628 284 658 non
314 617 503 670 pandere
531 616 665 658 aciem
696 616 858 659 Vocula
884 617 1086 670 potuerit.
1145 618 1190 660 id
1220 618 1368 672 solum,
1410 623 1459 661 ut
1487 620 1529 661 in
1561 620 1760 673 tumultu,
1793 622 1969 674 monuit,

198 695 456 748 subsignano
487 695 792 749 militeZmedia
810 696 991 740 firmare.
1034 698 1192 741 auxilia
1210 700 1370 752 passim
1391 699 1647 743 circumfusa
1676 705 1789 744 sunt.
1836 713 1969 755 eques
1983 717 2003 747 5

197 776 394 830 prorupit
424 779 711 830 exceptusque
731 777 978 830 compositis
1007 776 1192 820 hostium
1222 779 1438 822 ordinibus
1469 784 1590 833 terga
1619 781 1662 822 in
1695 793 1795 823 suos
1825 781 1967 824 vertit.

198 855 352 900 caedes
380 856 492 907 inde,
522 869 603 898 non
644 856 863 910 proelium.
925 861 968 900 et
1005 858 1257 901 Nerviorum
1299 859 1495 903 cohortes
1536 863 1653 902 metu
1683 873 1759 904 seu
1789 859 1970 915 perfidia

196 935 335 979 latera
363 941 604 980 nostrorum
643 938 869 980 nudavere.
929 938 990 981 sic
1028 939 1084 980 ad
1123 939 1311 991 legiones
1350 943 1623 993 perventum3
1663 953 1772 994 quae
1802 941 1969 983 amissis

197 1016 331 1070 signis
360 1014 662 1071 intra‘ssvallum
692 1016 1002 1069 sternebantur,
1033 1030 1127 1060 cum
1157 1024 1332 1073 repente
1361 1032 1469 1062 novo
1501 1019 1658 1062 auxilio
1688 1019 1862 1063 fortuna
1891 1033 1968 1074 pu-

196 1109 306 1152 gnae
334 1100 536 1140 mutatur.
597 1096 838 1140 Vasconum
868 1097 1005 1142 lectae
1035 1111 1061 1140 a
1081 1098 1218 1142 Galba
1248 1100 1443 1142 cohortes
1473 1112 1522 1143 ac
1542 1104 1632 1142 tum
1663 1101 1836 1151 accitae,
1867 1100 1967 1142 dum
1983 1113 2025 1143 ιο

196 1178 349 1220 castris
378 1177 680 1231 propinquant,
712 1178 859 1220 audito
880 1178 1179 1231 proeliantium
1201 1179 1386 1222 clamore
1415 1180 1603 1223 intentos
1623 1179 1760 1222 hostis
1791 1192 1817 1221 a
1846 1183 1967 1233 tergo

195 1258 403 1304 invadunt
430 1257 712 1312 latioremque
742 1271 867 1312 quam
898 1271 974 1311 pro
1004 1272 1178 1302 numero
1208 1263 1412 1302 terrorem
1433 1258 1608 1312 faciunt,
1640 1259 1737 1303 aliis
1757 1273 1783 1302 a
1802 1259 1967 1302 Novae-

196 1340 261 1384 sio
290 1339 388 1383 aliis
417 1352 444 1382 a
473 1340 742 1392 Mogontiaco
773 1341 995 1384 universas
1025 1342 1170 1395 copias
1199 1342 1425 1384 advenisse
1456 1341 1738 1384 credentibus.
1781 1340 1817 1381 is
1847 1351 1969 1381 error

195 1418 406 1462 Romanis
433 1419 555 1462 addit
583 1420 758 1472 animos,
796 1423 841 1462 et
869 1420 969 1462 dum
1000 1420 1150 1463 alienis
1181 1420 1340 1463 viribus
1370 1419 1597 1473 confidunt,
1628 1432 1728 1462 suas
1758 1431 1967 1472 recepere.

195 1500 454 1544 fortissimus
483 1499 663 1554 quisque
693 1511 716 1542 e
736 1498 925 1553 Batavis,
956 1503 1159 1554 quantum
1188 1500 1380 1553 peditum
1412 1505 1518 1551 erat,
1547 1498 1810 1541 funduntur:
1842 1510 1969 1552 eques
1985 1512 2024 1541 15

195 1581 335 1625 evasit
365 1592 458 1623 cum
489 1579 624 1633 signis
654 1578 934 1633 captivisque,
965 1592 1072 1634 quos
1102 1580 1242 1634 prima
1272 1580 1363 1622 acie
1393 1578 1701 1631 corripuerant.
1752 1590 1967 1621 caesorum

195 1674 247 1706 eo
275 1661 346 1704 die
375 1662 418 1703 in
447 1659 643 1713 partibus
672 1661 832 1703 nostris
862 1661 999 1702 maior
1028 1671 1228 1702 numerus
1258 1662 1301 1702 et
1330 1657 1547 1711 inbellior3
1578 1670 1601 1700 e
1631 1657 1857 1700 Germanis
1876 1657 1970 1710 ipsa

194 1741 358 1784 robora.
392 1741 485 1795 (34)
514 1741 602 1783 dux
631 1744 812 1795 uterque
841 1742 935 1794 pari
967 1740 1091 1794 culpa
1125 1740 1302 1782 meritus
1330 1740 1509 1782 adversa
1538 1738 1754 1792 prosperis
1784 1735 1969 1780 defuere.

194 1833 292 1864 nam
313 1820 459 1864 Civilis
479 1821 517 1864 si
537 1820 768 1864 maioribus
789 1821 923 1874 copiis
943 1821 1217 1863 instruxisset
1237 1819 1383 1872 aciem,
1415 1818 1628 1861 circumiri
1659 1830 1685 1859 a
1706 1822 1793 1860 tam
1819 1816 1968 1870 paucis

195 1901 440 1946 cohortibus
470 1902 686 1956 nequisset
706 1905 931 1955 castraque
951 1905 1157 1955 perrupta
1187 1900 1435 1943 excidisset:
1461 1898 1622 1941 Vocula
1641 1909 1718 1941 nec
1739 1896 1967 1938 adventum
1981 1911 2024 1941 20

195 1981 381 2026 hostium
404 1981 643 2036 exploravit
673 1993 806 2035 eoque
837 1981 963 2024 simul
986 1993 1181 2035 egressus
1201 1980 1447 2033 victusque;
1476 1979 1572 2020 dein
1595 1977 1798 2020 victoriae
1818 1986 1969 2028 parum

335 2134 354 2163 2
379 2132 521 2162 uictores
549 2129 578 2173 (s
603 2131 663 2162 del.
690 2131 767 2173 lm.)
876 2133 892 2161 7
919 2130 1014 2161 cedes
1102 2130 1173 2169 filiu
1276 2131 1317 2160 10
1341 2130 1424 2168 lecte
1518 2129 1556 2158 11
1580 2125 1720 2165 pliantifi
1826 2125 1968 2154 intentos

194 2177 277 2209 dea:
299 2178 430 2209 Intento
524 2179 565 2208 12
592 2179 728 2208 numero
753 2177 874 2215 (notam
898 2176 957 2207 del.
984 2173 1061 2219 lm.)
1156 2178 1197 2207 13
1223 2177 1429 2214 magontiaco
1525 2173 1565 2202 14
1591 2171 1746 2202 Romanis
1770 2169 1849 2201 add.
1873 2168 1969 2199 dett..-

193 2233 255 2256 on.
279 2222 336 2265 (iel
362 2224 486 2255 nostris
516 2223 584 2255 ΙοΙι.
610 2222 742 2263 Mulier)
859 2223 900 2253 15
936 2219 1130 2263 funduntur]
1162 2221 1367 2252 trucidantur
1403 2218 1598 2259 Nipperdey,
1632 2216 1846 2248 conciduntur
1869 2214 1968 2244 Halm

195 2272 237 2302 1⁶
261 2279 409 2301 cesorum
505 2271 545 2300 17
572 2268 615 2310 et]
641 2273 691 2300 set
716 2268 850 2307 Madm‘q

192 2419 364 2452 obsidione
401 2428 499 2458 porro
531 2421 705 2458 premeret.
743 2434 783 2440 -—
819 2414 964 2459 rapiunt]
991 2425 1063 2446 »ee—
1099 2417 1139 2446 2:
1159 2423 1242 2454 paru
1266 2413 1425 2444 Romanos
1440 2417 1504 2444 toto
1527 2413 1644 2452 impetu
1659 2412 1791 2441 immutes
1806 2409 1841 2438 in
1856 2411 1966 2438 caetra

192 2477 304 2509 lei-iter
326 2485 512 2516 magnoque
529 2484 603 2506 cum
619 2475 742 2513 impetu
760 2473 951 2504 adoriuntur
966 2476 1064 2511 atque
1097 2472 1295 2502 adoriuntur.
1321 2471 1407 2501 Ean.
1433 2487 1475 2492 —
1493 2467 1688 2508 funduntur]
1712 2466 1783 2498 scil.
1802 2465 1903 2502 humi,
1928 2468 1964 2494 ut

193 2543 311 2575 capere
354 2536 547 2565 conanum«
596 2531 643 2562 sic
677 2530 749 2562 Liv.
785 2533 815 2568 6,
842 2531 896 2570 23,
934 2530 973 2560 5:
1010 2529 1066 2567 qui
1097 2529 1160 2558 hoc
1178 2529 1251 2558 loco
1268 2527 1354 2558 idem
1372 2527 1425 2565 sit,
1450 2525 1538 2564 quod
1553 2525 1743 2560 caeduntur,
1762 2524 1961 2560 sternuntur,

193 2590 362 2622 adveniens
385 2594 497 2621 eastra
519 2588 669 2627 urbesque
686 2588 794 2627 pn'mo
809 2587 927 2627 impetu
948 2595 1063 2625 rapere
1097 2589 1133 2616 ιιι
1156 2594 1295 2623 sequens
1322 2594 1351 2613 v.
1376 2583 1478 2613 evasit
1512 2581 1592 2612 satis
1624 2580 1836 2610 demonstrat.
1874 2578 1959 2607 Anu.

192 2648 233 2679 sit
256 2647 377 2679 solitus.
412 2664 458 2670 —
496 2644 697 2685 Amburyii]
731 2644 843 2684 oppidi
868 2643 1062 2674 Germaniae
1098 2644 1151 2679 12,
1179 2643 1218 2672 13
1242 2641 1499 2680 reperiunturque
1515 2637 1619 2676 fusae
1636 2636 1762 2676 passim
1777 2634 1877 2673 serae
1892 2633 1964 2675 (ubi

177 2705 356 2736 inferioris
390 2704 460 2735 sive
505 2704 614 2742 potius
650 2701 779 2732 Galliae
817 2700 984 2739 Belgicae,
1019 2700 1061 2729 ad
1088 2698 1251 2738 susae==
1268 2696 1407 2735 eaesae).
1434 2696 1533 2734 Verg.
1550 2697 1632 2725 Aen.
1651 2695 1682 2730 9,
1708 2693 1772 2723 722
1790 2689 1963 2721 Pandarus

193 2761 358 2800 Rhenum,
387 2761 522 2800 Asberq,
558 2760 651 2791 vicus
686 2758 772 2790 inter
809 2757 993 2788 Geldubam
1030 2759 1062 2787 et
1096 2759 1131 2786 ut
1146 2754 1227 2793 fuso
1250 2762 1433 2792 uer-manum
1460 2760 1591 2791 corpore
1625 2749 1733 2780 cernit.
1772 2747 1963 2786 Propertius

194 2818 325 2850 Vetera.
373 2819 415 2850 ef.
442 2818 557 2855 Ukert,
584 2816 712 2847 Gallim
736 2826 768 2855 p.
795 2815 872 2846 522.
909 2813 1060 2844 Walcke-
1097 2814 1127 2850 5,
1154 2813 1205 2848 10,
1232 2813 1251 2842 8
1275 2809 1403 2848 cuspide
1428 2807 1546 2846 fundis
1568 2809 1627 2849 (=
1651 2803 1796 2846 sternis).
1830 2802 1962 2835 Curtius

191 2883 271 2907 αισι·
294 2875 322 2907 Ι.
345 2884 378 2914 p.
396 2876 471 2907 505.
496 2874 635 2913 Kiepert
658 2873 678 2913 ξ
695 2874 773 2904 454.
791 2889 835 2895 --
857 2870 1059 2910 mbsiymno]
1096 2870 1126 2906 7,
1146 2870 1176 2906 7,
1196 2869 1237 2898 35
1253 2876 1371 2905 maqna
1394 2870 1500 2904 mooe
1515 2873 1567 2895 eos
1585 2863 1733 2902 suderat.
1758 2863 1845 2891 recte
1861 2859 1962 2898 igitur

193 2931 385 2971 legionario,
410 2936 446 2962 ut
471 2933 502 2970 1,
531 2932 583 2971 ⁷0,
619 2930 676 2961 ubi
710 2930 804 2969 vide;
838 2932 935 2967 atque
976 2928 1060 2957 hanc
1095 2925 1229 2955 Servius
1264 2924 1304 2954 ad
1329 2923 1426 2960 Verg.
1452 2923 1536 2952 Aen.
1563 2922 1593 2959 2,
1619 2921 1682 2950 421
1721 2917 1874 2948 adnotat:
1902 2915 1962 2954 su-

192 2997 304 3020 veram
327 2997 399 3020 esse
422 2988 693 3028 significationem
710 2987 935 3017 demonstrant
958 2983 1061 3015 verba
1095 2982 1196 3012 dimus
1234 2981 1330 3011 modo
1379 2978 1575 3017 fugavimus,
1619 2975 1699 3006 alibi
1739 2973 1961 3004 interemimus

193 3045 240 3075 sie
261 3044 310 3075 ad
330 3044 527 3085 legiones
545 3049 736 3085 perventum.
756 3060 801 3065 —
816 3046 907 3081 κτρα
929 3041 963 3071 in
986 3049 1060 3071 suos
1094 3039 1264 3077 significat.
1280 3054 1322 3059 —-
1339 3036 1444 3065 maior
1466 3043 1610 3064 numerus
1638 3035 1667 3061 ee
1682 3027 1840 3071 inbellior]
1864 3037 1961 3068 saepe

192 3098 296 3145 vm]
346 3100 552 3145 βραχυλογία
598 3111 675 3141 pro:
725 3101 856 3139 >fugam
903 3101 1060 3137 ceperunt
1094 3100 1123 3125 et
1144 3095 1286 3134 ponitur,
1311 3092 1367 3123 ubi
1393 3100 1451 3122 nos
1475 3094 1520 3121 set
1542 3091 1760 3128 expectamus,
1795 3086 1836 3117 es.
1861 3095 1887 3116 c.
1913 3086 1958 3116 43

193 3166 329 3197 eamque
342 3158 532 3190 direxerunt
547 3167 625 3190 suos
640 3166 770 3196 versus,
786 3158 852 3186 non
868 3155 1055 3185 aliorsum«
1093 3152 1165 3182 hine
1181 3150 1272 3181 multi
1286 3149 1428 3187 ὀοπίφκ,
1445 3147 1517 3178 inde
1528 3146 1628 3185 pauci
1643 3149 1671 3174 a
1686 3143 1799 3175 validi.
1821 3143 1959 3181 Dniqer,

194 3230 237 3236 -
277 3212 465 3257 Vasconum]
498 3216 640 3255 populus
676 3219 746 3244 erat
769 3212 949 3252 Hispaniae
981 3209 1058 3240 Tar·
1094 3211 1218 3248 syntax
1243 3207 1262 3247 ξ
1291 3207 1365 3237 118.

192 3271 390 3308 tunnensis,
414 3271 471 3302 ubi
494 3281 580 3303 nunc
599 3271 771 3302 Catalonia
793 3273 843 3300 est
866 3271 900 3299 et
922 3275 1058 3306 regnum
1140 3265 1194 3295 84.
1219 3260 1393 3305 circumiri]
1415 3262 1510 3300 acies,
1536 3269 1601 3289 non
1626 3258 1765 3297 Civili-3
1790 3265 1865 3287 nam
1890 3255 1960 3294 ipse

192 3328 428 3359 Navarraeum.
466 3327 607 3368 Kiepert
642 3329 661 3369 ξ
694 3328 772 3360 427.
821 3344 865 3350 --
911 3321 1056 3365 humeae]
1094 3321 1209 3353 Civilis
1243 3329 1310 3351 non
1345 3319 1467 3349 aderat.
1502 3316 1545 3348 cf.
1570 3324 1662 3354 seqq.
1686 3318 1720 3344 et
1743 3322 1772 3345 c.
1799 3313 1854 3343 33.
1887 3312 1958 3342 init.

192 3384 319 3417 scilicet
340 3385 374 3415 in
398 3385 528 3424 milites,
552 3385 609 3425 qui
633 3385 668 3415 in
693 3384 820 3415 castris.
847 3382 921 3415 Liv.
949 3382 978 3418 2,
1004 3380 1057 3418 53,
1094 3379 1179 3411 nur.
1216 3394 1256 3401 —
1295 3385 1351 3407 nee
1374 3392 1418 3398 --
1442 3367 1632 3415 aptorum]
1664 3379 1721 3400 neo
1756 3378 1815 3409 pro
1851 3377 1892 3399 ue
1914 3383 1959 3390 -—
