2176 3672
142 2824 238 2864 ⁰⁰9³!-

54 2853 98 2894 ³3¹
186 2865 341 2908 inqeniiJ,
358 2869 507 2899 facultatis
522 2869 599 2899 bene
622 2872 785 2909 ornateque
801 2869 951 2899 scribendi
968 2872 997 2898 et

66 2914 102 2955 '5¹J‘
138 2913 181 2955 ad
195 2914 268 2944 artis
283 2918 443 2954 praecepta
456 2914 691 2946 accommodate.

71 2955 82 2991 z*
92 2959 101 3003 j]
111 2961 112 2964 ’
136 2964 164 2984 ³³¹
186 2963 255 2990 ema
265 2957 432 3000 primum}
480 2960 614 2992 Similem
631 2969 750 2990 causam
767 2959 854 2989 affert
870 2962 948 2989 Aun.
959 2959 994 2988 11.

53 3002 75 3016 Ψ
135 3002 188 3036 Ἢ
203 3004 276 3035 eius
292 3005 415 3044 negotii
432 3005 577 3044 initium,
603 3005 759 3044 ordinem,
776 3004 880 3044 finem
903 3014 995 3035 cura-

889 230 994 287 Cap.
1025 231 1064 274 9.
1091 232 1154 274 10.

1821 235 1902 278 167

148 345 194 388 in
221 345 577 400 comparationem
605 356 734 385 curae
762 342 980 398 ingeniive
1010 343 1208 398 referam,
1245 345 1319 387 sed
1349 346 1449 401 quia
1475 350 1565 388 tum
1595 347 1778 402 primum
1806 361 1902 403 per-

148 406 319 466 domita>
336 421 413 460 est.
446 417 511 481 ita
520 430 667 473 *Quae
676 416 863 472 priores·
883 416 1072 459 nondum
1108 422 1326 472 comperta
1361 419 1602 474 eloquentia
1638 421 1900 476 percoluere,

145 502 292 535 mm
319 487 406 534 fide
433 490 665 534 tradentur.
696 489 928 546 Britannia,
960 490 1193 533 insularum
1212 505 1318 551 quas
1337 491 1531 536 Romana
1549 494 1698 537 notitia
1717 495 1901 551 comple-

148 565 276 608 et'tur
301 565 500 620 maxima,
529 565 667 621 spatio
697 579 748 607 ae
776 565 897 608 eaelo
932 565 977 607 in
1013 565 1222 607 orientem
1251 564 1520 620 Germaniae,
1559 567 1603 609 in
1638 567 1901 611 occidentem

147 638 383 695 prauiae
426 638 683 689 obtenditur,
723 639 858 682 Gallis
906 640 951 681 in
993 638 1214 681 meridiem
1265 639 1393 681 etiam
1442 641 1680 696 inspicitur3
1731 645 1900 697 septen·
1917 660 1932 686 ε

146 711 344 756 manlia
370 713 476 766 eius,
506 713 633 756 nullis
661 718 809 756 eontra
838 713 975 767 terris,
1013 715 1132 754 vasto
1172 716 1295 767 atque
1333 718 1481 768 aperto
1520 715 1626 757 mari
1661 715 1896 770 pulsantur.

146 784 328 830 formam
363 787 492 829 totius
529 787 778 830 Britanniae
816 787 965 830 Livius
994 791 1201 840 veterum,
1240 785 1399 829 Fabius
1427 787 1625 830 Rusticus
1665 789 1899 831 recentium

147 859 483 916 eloquentissimi·
509 855 704 904 auctores
733 861 944 917 oblongae
973 860 1164 904 scutulae
1193 860 1264 902 vel
1293 859 1467 916 bipenni
1495 861 1817 906 adsimulavere.
1854 867 1900 906 et

235 1030 238 1032 ’
283 1041 311 1069 1.
328 1038 491 1080 inqemine
507 1040 543 1070 13.
566 1055 598 1060 —
621 1044 697 1071 tune
714 1040 799 1070 Wex.
825 1056 854 1060 -
879 1041 910 1071 5.
927 1038 1041 1077 etiam]
1059 1043 1089 1070 et
1104 1040 1129 1069 A
1143 1040 1176 1069 Β.
1200 1055 1230 1059 -—
1260 1039 1290 1071 7.
1315 1039 1350 1070 Τ.
1368 1038 1486 1070 Livius
1502 1039 1608 1070 Ritter.
1637 1057 1669 1061 —
1698 1042 1728 1071 8.
1745 1040 1898 1081 scapulae

146 1095 183 1127 B.
198 1108 243 1117 ·-
257 1095 492 1127 adm-hem
507 1096 706 1127 Puteolanus:
729 1095 960 1128 adsimilem-e
978 1097 1018 1134 B;
1035 1095 1263 1127 assimilavere
1278 1096 1315 1128 A.

145 1277 343 1315 verbamuitis
354 1278 430 1309 loeis
439 1278 610 1318 exemplum
624 1277 769 1314 Saliustii,
782 1278 835 1317 qui
846 1277 887 1308 de
899 1277 1000 1308 Africa

143 1323 255 1355 similia
268 1324 423 1365 praemisit
438 1324 505 1362 Jug.
528 1325 579 1359 17,
603 1323 715 1353 reterre
737 1323 840 1353 docuit
856 1323 998 1359 Eussner,

134 1367 257 1410 matter
270 1368 294 1399 f.
310 1369 340 1399 d.
355 1369 456 1408 bayer.
473 1369 580 1408 Gymn.
593 1368 672 1400 1111.
687 1370 707 1398 4
718 1378 751 1408 p.
767 1366 845 1407 149)
859 1372 889 1398 et
900 1378 998 1398 rerum

141 1415 164 1444 a
177 1413 320 1446 nonnis
343 1413 472 1444 ducibus
496 1418 566 1444 ante
590 1414 745 1452 Agricolae
768 1414 930 1453 imperium
957 1414 998 1444 ibi

142 1461 293 1499 guthrum
316 1460 546 1499 enarrationem,
570 1462 722 1499 tamquam
747 1468 808 1489 non
831 1460 922 1489 unius
945 1459 999 1489 bo-

143 1505 234 1535 minis
248 1504 350 1541 vitam,
367 1504 420 1535 sed
433 1505 540 1544 populi
553 1505 679 1536 Romani
691 1505 814 1534 annales
827 1505 1000 1535 scribendas

142 1550 310 1590 susceperit
324 1552 355 1580 et
370 1559 469 1580 rerum
485 1550 620 1580 ordinem
631 1553 751 1580 secutus
763 1550 803 1580 ad
815 1559 884 1580 eum
900 1550 997 1580 locum

143 1596 322 1635 pervenerit,
340 1604 401 1635 quo
424 1595 597 1635 expositum
619 1595 688 1630 sibi,
713 1604 773 1635 qua
796 1595 911 1626 ratione
937 1596 998 1625 Bri-

140 1641 245 1671 tannia
258 1640 402 1681 apopulo
416 1640 551 1671 Romano
566 1641 734 1680 perdomita
744 1644 832 1676 esset,
849 1650 945 1680 pauca
960 1641 999 1671 de

140 1688 249 1717 natura
262 1686 379 1717 insulae
390 1686 585 1726 gentiumque
599 1686 642 1716 ibi
655 1685 854 1716 habitantium
867 1686 998 1717 moribus

141 1734 173 1761 et
187 1731 226 1762 de
240 1731 375 1771 priorum
386 1732 599 1771 imperatorum
613 1731 769 1761 conatibus
782 1732 999 1771 praemittenda

141 1785 209 1807 eeae
230 1779 360 1817 putaret,
385 1776 487 1817 qualia
509 1777 581 1807 belli
605 1777 740 1807 Judaeici
764 1778 944 1807 enarrationi
966 1777 999 1807 in

143 1822 250 1862 quinto
266 1822 468 1854 Historiarum
485 1821 561 1853 libro
578 1822 741 1862 praemisit.
788 1814 882 1858 Num,
907 1826 942 1852 ut
956 1823 998 1853 ait

139 1868 207 1908 ipse
223 1868 303 1899 Ann.
319 1867 371 1899 IV.
386 1870 439 1903 33,
452 1867 538 1898 situs
548 1867 703 1907 ytatius»,
721 1868 997 1907 varietatuproe—

140 1912 259 1944 liora·-
271 1912 362 1953 (qnae
373 1913 496 1954 quidem
502 1913 574 1943 item
585 1913 617 1943 in
623 1913 681 1943 boc
692 1913 769 1943 libro
782 1911 996 1953 reperiuntur),

140 1957 229 1990 olari
243 1958 360 1989 due-n
375 1958 484 1989 aima
498 1958 640 1989 retinent
654 1968 694 1990 ae
709 1958 937 1998 redintegrant
952 1958 995 1989 le-

139 2003 285 2044 yenit«-
299 2004 453 2034 am'awn.
488 2003 585 2040 Quare
612 2003 687 2035 baec
714 2004 870 2043 Agricolae
898 2004 997 2043 capita

146 2050 226 2079 tt)—
236 2051 276 2080 12
293 2052 324 2079 et
340 2051 419 2080 13—
432 2050 471 2079 17
488 2058 610 2089 quoque
625 2059 662 2079 ea
676 2053 757 2086 sunt,
781 2059 859 2089 quae
875 2050 995 2079 videan—

141 2097 189 2125 tur
211 2095 311 2135 aptius
334 2095 439 2135 populi
463 2095 589 2125 Romani
611 2095 782 2136 annalibus,
805 2104 894 2135 qnam
919 2095 996 2125 vitae

140 2140 296 2179 Agricolae
312 2140 422 2177 inser-13
439 2149 535 2180 eaque
551 2140 624 2170 mibi
639 2150 700 2171 una
712 2150 747 2171 ex
764 2141 807 2171 eis
818 2141 916 2171 causis
928 2140 995 2175 tuit,

141 2194 195 2216 cur
203 2186 331 2216 mediam
342 2189 456 2226 partem
465 2186 629 2226 Agricolae,
642 2195 720 2226 quae
732 2187 901 2217 continetur
907 2195 994 2226 capp.

147 2231 286 2267 10-38,
311 2241 348 2262 eo
371 2231 498 2262 consilio
521 2228 662 2271 scriptam
685 2241 751 2262 esse
767 2233 947 2272 suspicarer,
962 2236 996 2263 ut

141 2276 285 2313 historiis,
313 2277 344 2308 in
371 2277 482 2317 quibus
508 2276 628 2307 eudem
650 2287 698 2308 res
721 2281 900 2308 tractaturus
922 2281 993 2314 erat,

139 2322 330 2358 insereretur,
359 2325 465 2362 postea
491 2325 591 2353 autem
612 2324 643 2353 in
659 2323 740 2353 bunc
756 2323 875 2359 librum,
905 2333 994 2364 quem

141 2367 258 2399 interim
275 2368 314 2398 de
329 2369 392 2399 vita
414 2369 508 2399 soceri
531 2369 580 2398 sui
604 2369 709 2407 edidit,
734 2378 799 2399 esse
822 2369 993 2399 translatam

141 2412 212 2452 (Die
242 2413 431 2452 Entstebuug
457 2415 519 2444 und
547 2413 687 2444 Teudenz
711 2414 765 2444 des
787 2414 995 2445 Taciteisebeu

62 2486 74 2511 ⁴.
140 2459 287 2498 Agricola.
334 2459 435 2490 Berlin
454 2457 565 2496 1874).

185 2504 300 2536 multis
315 2500 556 2547 scriptoribus}
587 2505 715 2536 Dativus
731 2506 790 2536 vim
808 2505 899 2535 habet
910 2515 994 2545 prae-

141 2551 301 2590 positionis
315 2560 338 2580 a
353 2559 421 2581 cum
436 2550 576 2584 ablativo.
595 2554 629 2581 ut
643 2551 746 2591 paullo
762 2551 840 2581 intra
856 2551 880 2581 G
890 2551 994 2582 aliis.

141 2595 185 2626 Of.
204 2605 231 2627 e.
249 2597 269 2626 2
298 2596 386 2626 initio
409 2599 441 2626 et
462 2597 499 2626 A.
517 2597 538 2626 1.
554 2598 565 2626 1
592 2596 711 2627 veteris
729 2596 845 2636 populi
859 2596 996 2627 Romani

140 2691 216 2718 rata
230 2691 315 2718 nne.

141 2786 244 2808 earum
271 2787 379 2814 rerum,
413 2787 491 2818 quae
518 2778 626 2817 dignae
654 2782 818 2809 memoratu
846 2779 995 2819 videntur,

146 3048 212 3081 &tu
226 3050 391 3087 dinei-an,
418 3051 497 3091 quia
513 3055 579 3081 tum
588 3051 734 3091 primum
757 3054 885 3089 reperta
910 3054 994 3087 sunt,

144 3101 225 3136 qtae
237 3105 299 3135 per
314 3100 360 3126 tot
375 3106 477 3126 annos
491 3106 556 3127 rem
566 3096 737 3135 publicam
752 3094 895 3126 exedere.

185 3140 367 3180 perdomita
394 3140 466 3178 est}
514 3141 625 3172 Eodem
654 3141 799 3171 vocabulo
831 3141 907 3170 banc
936 3149 995 3169 rem

144 3185 177 3215 in
203 3186 387 3224 praefatione
414 3186 610 3217 Historiarum
635 3186 792 3224 siguificat,
825 3186 876 3216 ubi
905 3186 996 3215 totius

144 3230 245 3269 operis
259 3230 433 3261 liniamenta
446 3232 588 3271 proponit
604 3227 640 3272 (1.
658 3227 712 3271 2):
735 3231 896 3261 turbatum
914 3229 996 3269 llly-

138 2650 292 2682 poapera
307 2640 360 2672 vel
374 2640 512 2672 adversa
527 2641 631 2672 claris
654 2641 870 2682 scriptoribus
886 2651 995 2672 memo-
1016 2638 1021 2680 l

186 2731 311 2771 eumd,
325 2732 417 2763 studii
434 2736 464 2763 et
475 2733 648 2771 diligentiae
659 2733 774 2772 positae
786 2734 817 2764 in
829 2733 997 2771 colligenda

1085 1275 1241 1316 prioresJ,
1259 1277 1377 1313 Caesar,
1395 1278 1508 1314 Livius,
1526 1278 1635 1309 Fabius
1651 1278 1801 1310 Rusticus.

1090 1321 1230 1353 nondum
1252 1322 1439 1362 compono]-
1486 1323 1579 1361 Quam
1604 1325 1740 1362 exigam
1763 1325 1898 1355 notitiam

1046 1368 1217 1398 Britanniae
1240 1368 1399 1398 habuerint
1421 1370 1545 1408 priores.
1559 1370 1687 1409 perspici
1704 1372 1803 1409 potest
1818 1370 1864 1400 vel
1881 1380 1898 1400 e

1046 1413 1194 1444 Strabone
1209 1413 1260 1444 IV.
1277 1414 1307 1449 5,
1325 1414 1401 1445 ΡΙίιι.
1418 1424 1452 1444 ιι.
1466 1415 1494 1444 h.
1510 1415 1561 1445 IV.
1581 1416 1631 1449 16.
1647 1416 1699 1450 30,
1712 1414 1896 1445 Mel-1115.

1084 1453 1301 1500 percoluereL
1326 1469 1480 1500 ornavere,
1498 1463 1531 1490 ut
1545 1460 1582 1491 Η.
1600 1460 1637 1494 11,
1657 1462 1697 1491 82
1725 1459 1897 1500 plerosquo

1045 1503 1207 1535 senatorii
1219 1504 1347 1535 ordinis
1362 1505 1479 1535 honore
1490 1505 1664 1544 percoluit.

1090 1558 1197 1579 rerum
1205 1544 1302 1590 fide]‚
1327 1559 1405 1589 quae
1420 1551 1527 1580 nititur
1541 1550 1639 1590 ipsius
1655 1550 1817 1589 Agricolae,
1835 1551 1897 1581 Bri-

1045 1595 1164 1625 tanniae
1180 1595 1348 1631 domitoris,
1364 1596 1546 1628 testimonio.

1089 1638 1225 1679 spatio]‚
1250 1649 1304 1679 per
1326 1641 1408 1680 quod
1431 1641 1570 1680 pertinet.
1617 1641 1719 1680 caelo,
1749 1642 1898 1681 positione

1045 1685 1128 1715 caeli.
1146 1689 1181 1716 ut
1195 1688 1242 1715 est
1257 1695 1279 1715 c.
1301 1687 1351 1716 11.
1389 1687 1523 1716 Alterum
1546 1686 1774 1726 amplitudinem
1794 1687 1895 1726 spatii,

1044 1740 1099 1770 per
1126 1731 1209 1770 quod
1236 1732 1398 1770 porrigitur
1427 1733 1535 1768 insula,
1564 1732 1691 1762 alterum
1717 1732 1808 1762 situm
1830 1732 1895 1762 eius

1043 1777 1200 1815 signifieat,
1217 1777 1271 1815 qui
1286 1776 1409 1807 aliarum
1422 1780 1566 1807 terrarum
1580 1778 1730 1807 vicinitate
1741 1777 1894 1807 definitur.

1088 1821 1279 1862 Hispaniae
1294 1819 1503 1861 obtenditur}
1539 1823 1615 1853 Nam
1630 1823 1797 1862 Pyrenaeos
1812 1832 1895 1853 mon—

1043 1870 1088 1897 tes
1105 1870 1135 1897 et
1147 1868 1391 1906 septentrionalia
1402 1867 1564 1907 Hispaniae
1576 1868 1664 1898 litora
1678 1870 1793 1898 veteres
1804 1877 1823 1898 a
1835 1877 1894 1898 me-

1043 1913 1118 1942 ridie
1134 1914 1172 1944 ad
1189 1914 1417 1952 septentrione&
1441 1923 1503 1943 non
1518 1913 1556 1943 ab
1573 1914 1687 1943 oriente
1702 1913 1741 1943 ad
1757 1913 1893 1944 occiden—

1042 1962 1102 1988 tem
1118 1959 1214 1989 solem
1226 1959 1373 1997 pertinere
1388 1958 1617 1989 arbitrabantur.
1636 1958 1744 1989 Strabo
1758 1958 1808 1989 111.
1828 1961 1855 1993 l,
1873 1961 1892 1989 3

1042 1997 1118 2045 ὅρος
1142 1999 1174 2043 (ἥ
1199 1999 1341 2044 Πυρήνη)
1366 1999 1427 2045 γὰρ
1452 1998 1590 2042 διηνεκὲς
1614 1997 1678 2032 ἀπὸ
1694 1996 1791 2032 νότου
1814 1999 1894 2044 πρὸς

1064 2046 1162 2090 ορρᾶν
1187 2045 1359 2090 τεταμένον
1384 2043 1481 2090 ὁρίζει
1505 2044 1561 2088 τὴν
1586 2043 1740 2087 Κελτικὴν
1756 2043 1820 2078 ἀπὸ
1838 2046 1894 2087 τῆς

1054 2089 1193 2136 Ιβηρίας.
1242 2094 1308 2131 Quo
1331 2095 1441 2125 factum
1465 2099 1520 2130 est,
1545 2097 1579 2124 ut
1602 2095 1785 2125 Britanniam
1808 2098 1839 2125 et
1861 2095 1891 2125 in

1042 2141 1228 2171 occidentem
1247 2141 1406 2179 Hispaniae
1421 2140 1554 2175 obtendi,
1571 2143 1601 2170 et
1615 2141 1648 2170 in
1664 2141 1817 2170 meridiem
1833 2150 1894 2171 non

1042 2187 1132 2217 modo
1148 2187 1382 2226 septentrionali,
1406 2186 1489 2225 quod
1512 2194 1591 2216 nunc
1614 2185 1752 2220 dicimus,
1778 2186 1891 2216 Galliae

1042 2232 1136 2270 litori,
1153 2233 1206 2262 sed
1224 2233 1278 2262 toti
1296 2232 1409 2262 Galliae
1426 2231 1561 2261 obiacere
1608 2233 1738 2261 utarent.
1785 2231 1893 2261 Strabo

1040 2278 1077 2308 11.
1109 2280 1138 2313 5,
1168 2278 1209 2307 28
1242 2271 1445 2317 ἆντιπαρήκει
1474 2271 1537 2317 γὰρ
1563 2274 1643 2316 αυτῇ
1668 2274 1720 2316 (τῇ
1746 2270 1892 2315 Κελτικῆ)

1042 2317 1254 2364 παράλληλος
1277 2318 1297 2360 ὴ
1322 2320 1417 2360 νῆσος
1443 2317 1523 2359 αὕτη
1548 2318 1637 2350 πᾶσα
1656 2315 1754 2362 πάσῃ.
1772 2337 1815 2343 -
1837 2321 1893 2353 Ob-

1042 2368 1132 2399 tendi
1147 2369 1237 2398 simili
1254 2369 1319 2398 loco
1336 2369 1432 2398 Germ.
1449 2368 1502 2408 35,
1511 2367 1691 2406 praetendi
1705 2368 1783 2397 Ann-
1791 2367 1828 2397 11.
1839 2368 1892 2398 56.

1087 2425 1192 2456 nullis
1207 2430 1317 2456 eontra
1333 2420 1458 2465 terrisJ.
1492 2423 1694 2454 Praedicatum
1710 2426 1756 2454 est
1767 2428 1891 2462 eontra,

1043 2475 1076 2501 ut
1093 2471 1186 2501 iuxta
1203 2471 1238 2501 H.
1258 2470 1309 2502 111.
1328 2472 1369 2500 26
1383 2469 1474 2500 nullo
1490 2469 1586 2500 iuxta
1598 2468 1743 2500 subsidio
1759 2472 1789 2499 et
1803 2467 1893 2498 ultra

1043 2518 1079 2547 H.
1098 2516 1149 2548 111.
1168 2518 1206 2547 31
1235 2515 1327 2546 nulla
1351 2515 1438 2546 ultra
1462 2515 1566 2545 venia.
1614 2514 1660 2544 Cf.
1678 2514 1891 2554 Nipperdeium

1042 2563 1079 2592 ad
1096 2563 1173 2592 Anu.
1191 2562 1228 2592 Il.
1247 2563 1299 2592 24.
1339 2561 1384 2591 De
1406 2570 1438 2591 re
1461 2560 1498 2590 cf.
1516 2560 1598 2590 Caes.
1616 2560 1645 2589 b.
1662 2568 1689 2597 g.
1707 2559 1743 2589 V.
1764 2560 1803 2588 13
1828 2563 1891 2589 ter-

1043 2607 1125 2637 tium
1142 2603 1248 2646 (latus)
1270 2612 1314 2638 est
1331 2610 1439 2637 eonem
1455 2605 1696 2644 septentriones,
1722 2604 1777 2635 cui
1796 2603 1892 2643 parti

1043 2651 1137 2682 nulla
1165 2657 1212 2683 est
1238 2652 1361 2683 obiecta
1390 2656 1492 2687 τευ-νας
1525 2650 1716 2690 quamobrem
1740 2649 1796 2679 boc
1812 2657 1891 2679 mare

1042 2698 1160 2728 Tacitus
1177 2698 1246 2727 dicit
1266 2702 1422 2737 apertum.

1090 2753 1231 2792 Liviusj,
1257 2755 1333 2784 libro
1350 2754 1409 2785 CV.
1427 2753 1465 2783 de
1482 2753 1548 2782 Iulii
1566 2751 1700 2782 Caesaris
1716 2751 1892 2781 Britannicis

1044 2799 1283 2839 expeditionibus
1296 2799 1473 2838 scripturus.

1090 2856 1212 2886 Fabius
1228 2850 1407 2897 Rusticus}
1432 2855 1559 2884 Senecae
1575 2853 1687 2883 amicus
1703 2848 1795 2891 (Anu.
1811 2851 1890 2883 1111.

1045 2899 1111 2939 20).
1137 2901 1252 2931 Claudii
1270 2904 1300 2930 et
1316 2901 1441 2930 Neronis
1458 2909 1504 2929 res
1520 2898 1650 2937 scripsit,
1673 2906 1712 2927 an
1727 2897 1824 2937 plura,
1848 2898 1891 2928 in-

1043 2950 1154 2976 certum
1172 2950 1227 2977 est.
1276 2946 1303 2975 is
1328 2946 1507 2975 Britanniam
1523 2943 1681 2982 descripsit
1704 2945 1756 2972 ant
1778 2943 1809 2972 in
1825 2952 1890 2973 nar-

1044 2992 1136 3022 randa
1152 2991 1266 3021 Claudii
1287 2991 1476 3029 expeditione
1491 2990 1522 3019 in
1541 2988 1719 3018 Britanniam
1734 2997 1763 3018 a.
1783 2990 1824 3019 43
1841 2991 1893 3018 aut

1044 3038 1074 3067 in
1105 3036 1250 3066 tradenda
1284 3035 1369 3065 clade
1401 3035 1452 3065 illa
1484 3034 1653 3064 Britannica
1681 3042 1709 3065 a.
1735 3034 1772 3063 61
1801 3028 1890 3074 (Aun.

1044 3082 1119 3112 xlv.
1139 3079 1207 3114 29).

1089 3136 1344 3176 eloquentissimi
1368 3134 1544 3172 auctore-21.
1570 3136 1590 3165 i.
1614 3144 1641 3165 e.
1665 3135 1835 3175 scriptores,
1861 3138 1893 3165 ut

1043 3183 1079 3212 H.
1099 3182 1148 3212 Ν.
1167 3183 1208 3211 83
1232 3182 1324 3220 oriqo
1346 3180 1400 3211 dei
1417 3179 1554 3211 nondum
1568 3180 1690 3211 nutrio
1706 3179 1893 3211 auctoribus

1018 3203 1021 3249 Ι
1043 3226 1206 3258 celebrata
1230 3227 1356 3266 aliisque
1381 3226 1466 3255 locis.
1513 3225 1558 3256 De
1581 3225 1692 3264 plurali
1714 3234 1837 3255 numero
1860 3226 1891 3255 iu

145 3274 260 3312 νίοιιπι,
283 3275 414 3307 Galliae
430 3281 592 3316 nutantem,
612 3276 795 3315 perdomita
816 3274 995 3306 Britannia
1018 3256 1021 3291 Ι
1044 3273 1088 3302 his
1106 3275 1135 3301 et
1151 3271 1298 3302 similibus
1313 3271 1393 3311 apud
1409 3271 1542 3301 Tacitum
1554 3270 1693 3301 sollemni
1709 3270 1748 3300 ct.
1757 3270 1792 3300 H.
1803 3270 1839 3301 11.
1848 3271 1889 3322 9⁸2

147 3323 178 3351 et
193 3319 302 3350 atatim
316 3320 446 3351 missa.

1018 3313 1176 3358 {Priscus
1213 3316 1376 3356 Valentis,
1417 3315 1559 3346 sabinus
1593 3314 1753 3346 Caeci-ae
1781 3319 1891 3354 qratia
