2176 3672
915 222 1018 279 Gap.
1040 221 1108 266 36.
1130 223 1196 266 37.

1859 226 1944 270 205

197 335 366 378 conisae
394 335 610 391 proximos
639 349 828 391 quosque
863 336 1061 379 caedere:
1107 350 1157 378 ac
1186 337 1378 392 plerique
1423 338 1654 381 semineces
1689 343 1762 382 aut
1790 340 1945 395 integri

198 407 468 452 festinatione
503 408 723 469 victoriae-⁷
742 409 1102 464 relinquebantur.
1134 410 1319 452 ·interim
1356 412 1544 467 equitum
1573 416 1736 456 turmae
1774 411 1953 468 (fugere

193 481 308 525 enim
328 480 585 534 coffinuarii)
614 483 806 539 peditum
835 496 880 525 se
911 483 1072 539 proelio
1109 484 1330 526 miscuere.
1376 489 1419 526 et
1447 499 1701 542 quamquam
1730 490 1942 539 recentem

190 559 399 613 terrorem
428 555 669 610 intulerant,
712 556 850 599 densis
894 561 1036 600 tamen

1079 557 1262 600 hostium
1300 559 1538 612 agminibus
1575 564 1619 602 et
1653 560 1945 616 inaequalibus

191 616 295 672 lueis
311 629 574 683 ³haerebant3
604 630 861 686 minimeque
891 631 1098 686 equestris
1128 631 1167 672 ei
1198 644 1366 686 pugnae
1397 631 1526 675 facies
1547 638 1638 676 erat
1668 648 1763 676 cum
1783 635 1811 686 †
1841 647 1946 690 egra
1963 651 1978 676 ⁵

192 701 367 745 diuvant
395 706 533 746 stante
564 704 688 745 simul
719 717 924 760 equorum
954 704 1200 761 corporibus
1229 705 1570 760 impellerentur3
1608 721 1658 750 ac
1687 721 1815 763 saepe
1845 707 1944 762 vagi

190 782 352 829 currus,
383 777 577 819 exterriti
597 777 687 819 sine
708 778 943 821 rectoribus
964 779 1075 834 equi,
1105 782 1153 820 ut
1173 791 1384 834 quemque
1406 779 1585 823 formido
1606 781 1774 831 tulerat,
1805 786 1942 822 trans·

189 858 336 893 versos
365 854 439 893 aut
468 850 613 894 obvios
642 851 927 895 incursabant.
975 852 1062 907 (37)
1092 857 1135 895 et
1164 852 1371 903 Britanni,
1402 854 1475 908 qui
1504 853 1641 896 adhuc
1670 867 1840 908 pugnae
1870 867 1942 895 ex-

324 1082 355 1112 3.
373 1080 459 1112 enim
475 1090 500 1112 e.
518 1091 548 1113 v.
567 1082 586 1112 5
613 1081 672 1112 huc
693 1081 845 1112 transtulit
860 1081 978 1113 Urlichs
1002 1079 1054 1123 (ut
1063 1081 1184 1122 fu9ere
1201 1081 1388 1113 eovinnarii
1402 1082 1583 1120 Doderlein;
1599 1082 1658 1112 ubi
1665 1078 1697 1122 f.
1716 1092 1743 1113 c.
1761 1082 1852 1119 Wex;
1870 1093 1943 1113 nam

179 1135 218 1176 f,
233 1146 261 1168 e.
278 1137 475 1177 Nipperdey).
493 1153 537 1160 -—
553 1137 744 1169 couinnarii
759 1139 799 1169 B:
817 1139 1030 1170 cenuinnarii
1045 1140 1080 1170 Δ.
1100 1155 1140 1160 -
1158 1133 1202 1180 et]
1219 1143 1267 1169 set
1283 1139 1318 1170 Β.
1336 1139 1457 1170 Schulz.
1480 1155 1511 1160 ——
1534 1144 1675 1170 recentes
1691 1140 1730 1171 B.
1743 1154 1786 1160 ·--
1804 1141 1833 1168 5.
1851 1149 1940 1180 eque-

186 1193 267 1225 serie
283 1193 316 1225 ei
331 1191 414 1233 (coll.
431 1204 461 1225 v.
480 1192 534 1235 3):
560 1200 723 1235 equestres
738 1204 777 1225 ea
794 1195 880 1226 enim
895 1197 920 1226 A
936 1196 971 1232 Β,
989 1196 1046 1227 nisi
1063 1196 1146 1236 quod
1161 1196 1193 1226 in
1208 1197 1232 1226 A
1250 1196 1366 1226 litterae
1383 1206 1404 1226 a
1419 1205 1459 1226 m.
1482 1198 1494 1226 1
1515 1205 1662 1235 suprascr.
1680 1196 1695 1226 i
1703 1207 1711 1233 ;
1729 1195 1888 1236 equestris
1904 1205 1942 1226 ea

189 1251 258 1282 iam
271 1251 387 1289 Haase3
404 1252 563 1292 equestris
578 1261 684 1282 eorum
701 1252 801 1289 Peter;
818 1261 924 1292 aequa
941 1253 1062 1284 nostris
1078 1252 1143 1283 iam
1158 1252 1311 1292 Anquetil.
1330 1267 1372 1272 —
1389 1262 1467 1291 eqra
1482 1252 1542 1283 diu
1557 1257 1615 1283 aut
1630 1257 1734 1284 stante
1749 1253 1775 1282 A
1791 1252 1830 1282 B:
1847 1262 1943 1291 aeqre

187 1315 227 1338 ac
240 1306 302 1338 'diu
318 1307 479 1339 instantes
502 1308 691 1348 Nipperdey3
716 1317 811 1347 aeyre
831 1308 900 1339 iam
921 1308 980 1339 diu
1003 1308 1191 1339 adversarii
1213 1311 1338 1338 stantes
1363 1308 1531 1345 Gantrelle;
1557 1318 1652 1347 aeyre
1674 1308 1760 1339 clivo
1781 1308 1943 1339 instantes

187 1363 391 1402 Schoemanm
412 1364 508 1404 pleno
524 1364 629 1403 yradu
645 1369 703 1395 aut
719 1370 841 1396 stantes
856 1365 991 1406 Urlichs;
1016 1365 1054 1395 in
1069 1364 1174 1404 yradu
1191 1369 1315 1396 stantes
1329 1364 1431 1401 Peter3
1463 1375 1478 1395 e
1495 1365 1598 1404 qradu
1627 1369 1685 1396 aut
1701 1370 1786 1396 statu
1802 1365 1942 1405 Eussner,

189 1420 306 1465 entier
318 1420 340 1452 f.
357 1421 388 1451 d.
405 1420 506 1460 bayer.
524 1421 630 1460 Gymn.
663 1421 742 1451 XIII.
760 1431 790 1460 p.
810 1421 885 1452 162.
915 1437 943 1442 -·
977 1423 1008 1453 6.
1032 1421 1270 1461 impedirentur
1293 1422 1326 1451 B.
1353 1421 1480 1459 Schulz;
1502 1421 1704 1462 pellerentur
1727 1423 1882 1452 Eussner.
1899 1437 1942 1442 —

195 1477 233 1508 8.
248 1477 377 1516 experti
398 1477 435 1509 Δ.

220 1679 442 1720 festinatione
455 1677 640 1724 victoriae}
664 1682 701 1713 H.
716 1683 739 1714 1.
754 1682 796 1713 67
809 1681 941 1713 initium
958 1681 1042 1714 belle

176 1724 255 1766 suit
269 1726 416 1758 avaritia
431 1736 469 1758 ac
484 1726 666 1766 festinatio
687 1727 979 1759 unaetvicensimae
997 1727 1040 1758 le-

185 1770 300 1810 qionis.
338 1771 391 1802 111.
410 1773 451 1803 50
468 1772 648 1812 festinatio
664 1778 760 1814 atque
784 1772 928 1803 aviditas
945 1783 1040 1813 prae-

179 1815 366 1857 pediebant,
375 1817 461 1857 dum,
481 1827 562 1857 quae
572 1818 681 1858 accipi
681 1823 847 1859 poterant,
853 1818 1039 1860 rapiantur.

229 1861 399 1902 equitum],
417 1863 629 1894 Romanorum.

219 1906 344 1947 fugere
370 1908 457 1939 enim
487 1904 699 1950 covinnarii].
748 1909 854 1940 Malles
875 1908 1040 1948 suqerant

184 1952 270 1984 enim
292 1953 487 1985 covinnarii.
527 1955 602 1984 Nam
634 1955 833 1990 covinnarius,
858 1955 910 1994 qui
933 1953 1040 1985 media

185 1998 290 2038 campi
304 1999 383 2030 inter
398 2002 555 2039 utramque
571 2001 663 2030 aciem
679 2001 848 2040 pedestrem
873 2003 942 2030 ante
965 2009 1039 2040 pug—

184 2044 352 2084 meipsius
367 2045 488 2075 initium
504 2045 734 2086 compleverant,
758 2047 872 2086 impetu
890 2046 1039 2085 equitatus

186 2089 314 2120 Romani
328 2090 434 2130 pulsos
455 2099 491 2120 eo
507 2090 574 2120 loco
591 2091 718 2122 cessisse
734 2100 856 2122 necesse
872 2094 927 2131 est,
944 2091 1039 2130 prius-

184 2143 274 2174 quam
289 2135 368 2166 inter
383 2136 501 2175 pedites
510 2135 618 2175 Primo
642 2145 812 2176 conyressu
836 2136 960 2167 eminus
975 2146 1038 2167 cer-

185 2184 321 2211 teretur.
354 2182 402 2211 An
423 2181 552 2221 scriptor
566 2181 656 2212 huius
673 2182 715 2212 rei
738 2182 918 2212 mentionem
941 2181 1040 2212 facere

185 2226 355 2265 supersedit
370 2229 400 2256 et
415 2226 506 2256 verbo
519 2225 640 2266 suyere
657 2228 836 2266 significavit
852 2228 1040 2257 covinnarios

183 2280 246 2302 non
261 2271 351 2302 modo
367 2274 436 2302 ante
452 2281 570 2312 pugnae
586 2273 734 2311 pedestris
753 2274 871 2303 initium
889 2273 957 2303 loco
973 2273 1040 2312 pul-

185 2325 247 2356 sos,
277 2317 331 2347 sed
355 2318 458 2351 etiam.
488 2318 646 2348 commisso
670 2319 728 2348 iam
752 2319 888 2358 peditum
913 2318 1038 2357 proelio,

184 2365 384 2402 persequente
407 2364 541 2403 equitatu
565 2363 699 2394 Romano
726 2365 814 2394 etiam
845 2364 964 2402 longius
994 2364 1039 2394 fu—

186 2408 285 2447 gisae?

230 2449 440 2495 intulerant}
465 2454 759 2494 Plusquamperfecto
772 2455 876 2492 utitur,
892 2457 927 2485 ut
942 2458 1039 2485 osten-

184 2498 246 2540 dat,
269 2501 412 2529 terrorem
435 2499 503 2538 ipso
526 2500 655 2530 adcursu
679 2501 813 2539 equitum
830 2510 895 2531 esse
910 2500 1038 2539 illatum,

182 2545 359 2585 priusquam
374 2544 506 2575 hostium
523 2545 690 2584 agminibus
703 2548 733 2576 et
742 2546 951 2586 inaequalibus
967 2546 1041 2576 Iocis

183 2589 307 2621 haerere
321 2590 499 2630 inciperent.

208 2675 212 2679 ι
228 2631 418 2677 haerebant]
435 2645 504 2666 cum
515 2635 662 2672 ablativis,
679 2639 714 2667 ut
725 2638 803 2667 Anu.
818 2637 840 2667 Ι.
857 2638 897 2667 65
911 2638 1040 2668 haesere

184 2689 282 2712 caeno
289 2680 461 2721 fossisque
476 2681 711 2721 impedimenta.
737 2683 782 2712 De
799 2683 928 2713 ablativo
945 2686 975 2712 et
991 2682 1040 2712 da-

184 2726 245 2757 tivo
262 2726 333 2756 huic
357 2726 448 2757 verbo
471 2727 612 2757 adiuncto
636 2727 770 2767 disputat
786 2729 987 2767 Nipperdeius
1003 2728 1041 2758 ad

185 2772 263 2802 Anu.
280 2771 305 2802 1.
324 2773 376 2801 65.
395 2773 448 2803 68.

229 2816 421 2857 minimeque
445 2817 603 2858 equestris
619 2818 651 2848 ei
662 2827 792 2858 puqnae
805 2818 922 2858 facies
944 2814 1038 2859 erat}

184 2861 265 2893 Haec
287 2862 427 2893 videntur
449 2865 522 2894 satis
546 2866 626 2893 certa
648 2872 724 2899 esse,
755 2867 853 2894 cetera
879 2864 1040 2894 admodum

185 2906 285 2938 dubia.
302 2908 478 2947 Nuperrime
491 2909 529 2939 de
540 2909 721 2939 difficillimo
734 2909 867 2940 hocloco
880 2909 1041 2947 egitAdam

186 2951 324 2989 Eussner,
337 2953 569 2992 Ausffihrungen
581 2963 619 2984 zu
632 2954 750 2984 Tacitus
764 2956 911 2993 Agricola,
932 2954 1043 2984 Bliitter

186 2995 280 3028 ferd.
296 2997 398 3038 bayer.
418 2999 526 3038 Gymu.
550 2999 628 3030 XIII.
647 3002 666 3029 4
691 3009 720 3038 p.
744 3001 928 3030 143-169.
979 3000 1041 3030 Cur

188 3042 306 3073 munnae
322 3045 468 3083 equestris
485 3046 511 3074 ei
529 3054 647 3084 pugnae
662 3045 754 3075 facies
770 3046 863 3075 fuisse
877 3046 992 3075 dicatur
1009 3047 1041 3073 ut

188 3086 376 3127 intelligatur,
403 3093 576 3129 comparant
591 3090 654 3120 Liv.
671 3090 761 3121 XXII.
783 3092 834 3125 47,
856 3093 868 3120 1
899 3090 1042 3129 equitum

194 3131 357 3164 Gallorum
385 3135 666 3175 Hispanorumque
696 3135 817 3166 laevom
846 3145 944 3166 cornu
973 3144 1042 3164 cum

189 3174 299 3207 dentre
306 3178 449 3211 Romano
457 3181 630 3218 concurrit,
644 3180 776 3211 minime
789 3180 948 3220 equestri-5
960 3189 1042 3209 more
1065 3181 1067 3196 ²

186 3230 329 3260 pumma:
337 3223 509 3263 frontibus
527 3226 611 3256 enim
627 3225 775 3256 adversis
791 3224 1043 3256 concurrendum

190 3271 271 3306 emt,
280 3268 359 3309 quia
366 3269 457 3301 nullo
463 3270 554 3302 circa
562 3270 606 3301 ad
611 3270 809 3311 evagandum
815 3270 930 3300 relicto
938 3274 1009 3309 spat
1013 3270 1025 3298 i
1027 3279 1043 3297 o

1089 1682 1165 1713 hine
1173 1682 1288 1722 amnis,
1299 1682 1377 1713 hinc
1378 1681 1528 1723 peditum
1535 1681 1623 1713 acies
1630 1681 1831 1714 claudebant.
1840 1682 1881 1713 In
1890 1682 1943 1713 de·

1088 1733 1209 1758 rectum
1223 1727 1385 1766 utrimque
1402 1728 1542 1758 nitentes
1557 1727 1720 1758 stantibus
1731 1737 1769 1758 ac
1786 1726 1944 1767 confertis

1081 1778 1241 1812 postremo
1258 1773 1351 1803 turba
1363 1773 1456 1813 equis
1468 1772 1520 1803 vir
1535 1773 1641 1803 virum
1657 1773 1823 1812 amplexus
1838 1773 1942 1803 detra-

1087 1819 1181 1849 hebat
1200 1828 1301 1858 equo;
1325 1821 1354 1848 et
1374 1819 1446 1848 >alh
1465 1819 1534 1856 Jug.
1553 1819 1604 1853 59,
1624 1821 1640 1846 tl
1667 1816 1842 1855 (Numidae)
1867 1828 1940 1857 non,

1087 1868 1123 1894 ut
1139 1863 1280 1904 equestri
1292 1863 1419 1904 proelio
1436 1863 1526 1903 solet,
1542 1863 1645 1903 sequi,
1660 1863 1738 1894 dein
1750 1863 1872 1902 cedere,
1887 1863 1944 1894 sed

1086 1908 1234 1940 advorsis
1251 1909 1343 1949 equis
1359 1918 1558 1948 concurrere,
1577 1908 1748 1947 implicare
1764 1918 1802 1939 ac
1812 1913 1942 1949 pertur-

1088 1955 1163 1985 bare
1179 1954 1281 1985 aciem
1288 1966 1301 1994 ,·
1325 1955 1374 1986 ita
1390 1953 1551 1995 empeditis
1561 1953 1731 1993 peditibus
1746 1954 1816 1984 suis
1838 1954 1943 1984 hostes

1082 2010 1188 2040 paene
1200 2000 1302 2031 victos
1314 2000 1404 2030 dare.
1429 2000 1515 2029 Unde
1528 2000 1598 2029 satis
1610 2000 1801 2038 intellegitur,
1820 2008 1873 2030 cur
1884 1999 1942 2029 hoc

1087 2047 1154 2076 loco
1177 2047 1327 2085 equitatus
1350 2046 1511 2079 Romanus,
1537 2045 1588 2084 qui
1612 2053 1644 2075 se
1667 2045 1801 2084 peditum
1825 2044 1940 2083 proelio

1086 2092 1255 2125 miscuerat,
1271 2100 1332 2121 non
1349 2100 1430 2120 more
1447 2091 1592 2129 equestris
1609 2090 1714 2129 proelii
1731 2099 1880 2129 pugnasse
1896 2090 1939 2119 di-

1086 2139 1185 2173 catur3
1202 2136 1260 2167 hoc
1274 2139 1375 2166 tamen
1391 2137 1546 2171 incertum,
1564 2136 1615 2175 qui
1631 2136 1691 2165 sint
1707 2135 1833 2174 putandi
1850 2144 1940 2174 equo-

1086 2191 1152 2213 rum
1176 2182 1351 2221 corporibus
1375 2190 1440 2211 esse
1463 2181 1595 2220 impulsi,
1619 2183 1718 2210 utrum
1742 2180 1800 2219 ipsi
1824 2180 1940 2219 equites

1087 2228 1286 2258 Romanorum
1303 2236 1340 2257 an
1354 2226 1514 2256 eorundem
1528 2226 1652 2265 pedites,
1671 2235 1797 2265 quorum
1811 2234 1843 2255 se
1855 2234 1940 2264 proe-

1087 2273 1126 2303 lio
1150 2273 1195 2303 illi
1212 2274 1402 2312 miscuerant,
1426 2281 1464 2301 an
1489 2271 1632 2301 Britanni.
1667 2271 1867 2301 Romanorum
1893 2270 1940 2300 vel

1087 2319 1203 2358 equites
1219 2318 1267 2348 vel
1283 2318 1399 2357 pedites
1415 2320 1448 2347 ut
1467 2317 1686 2354 intellegantur,
1711 2316 1849 2345 videntur
1872 2325 1940 2346 sua-

1087 2365 1166 2399 dere,
1192 2374 1268 2404 quae
1292 2366 1446 2393 secuntur:
1473 2362 1516 2393 Et
1534 2361 1702 2400 Britanni,
1729 2360 1787 2400 qui
1809 2370 1835 2391 e.
1853 2370 1883 2400 q.
1901 2370 1940 2395 s.‚

1087 2410 1250 2440 dummodo
1268 2408 1466 2448 oppositionis
1481 2408 1542 2437 vim
1558 2409 1589 2437 in
1602 2407 1649 2437 his
1661 2407 1760 2436 inesse
1776 2406 1940 2442 concedas;

1088 2456 1125 2486 de
1142 2455 1280 2485 hostibus
1297 2463 1362 2484 esse
1386 2453 1575 2491 cogitandum
1600 2453 1660 2482 veri
1686 2452 1782 2482 simile
1805 2452 1840 2482 fit
1863 2460 1940 2481 com-

1088 2501 1242 2540 paratione
1258 2500 1314 2530 loci
1330 2500 1412 2529 illius
1430 2499 1611 2528 Sallustiani.
1648 2497 1735 2534 Quod
1758 2506 1825 2526 cum
1848 2497 1941 2526 incer—

1087 2549 1150 2576 tum
1175 2546 1224 2586 sit,
1251 2546 1357 2575 mirum
1386 2553 1447 2573 non
1472 2547 1517 2573 est
1540 2543 1621 2582 quod
1646 2543 1735 2572 verba
1757 2542 1805 2571 vel
1828 2542 1942 2572 litteras

1088 2601 1158 2622 cum
1175 2601 1251 2630 αρν-α
1268 2590 1326 2620 diu
1344 2595 1400 2619 aut
1417 2594 1520 2619 stante
1542 2589 1614 2618 satis
1637 2587 1830 2627 probabiliter
1845 2596 1942 2617 emen-

1089 2637 1159 2666 dare
1175 2636 1252 2666 nulli
1270 2635 1368 2665 adhuc
1384 2635 1516 2673 contigit.

1133 2681 1286 2712 eaeterriti
1301 2680 1372 2710 sine
1388 2677 1563 2710 rectoribus
1579 2677 1680 2718 equiJ.
1710 2677 1789 2707 Haec
1803 2685 1944 2715 expressa

1089 2730 1159 2757 sunt
1176 2736 1210 2756 ex
1227 2726 1379 2761 Sallustio,
1399 2725 1475 2755 Hist.
1495 2724 1598 2762 fragm.
1617 2724 1640 2753 1.
1659 2724 1699 2753 96
1718 2722 1753 2752 D.
1780 2721 1856 2761 equi
1872 2722 1942 2752 sine

1088 2777 1211 2803 rectore
1228 2770 1390 2802 exterriti.
1445 2769 1524 2799 Sine
1540 2768 1716 2799 rectoribus
1731 2770 1765 2797 ut
1780 2768 1852 2797 sine
1875 2776 1941 2797 mu-

1089 2826 1184 2848 crone
1198 2826 1298 2855 supra.
1322 2815 1509 2845 Conferenda
1521 2823 1555 2843 ea
1567 2822 1697 2853 quoque,
1716 2822 1793 2852 quae
1805 2812 1943 2850 leguntur

1089 2864 1166 2892 Ann.
1187 2862 1207 2891 1.
1235 2863 1274 2891 65
1302 2855 1397 2901 (equi)
1428 2858 1571 2890 concussis
1598 2857 1775 2888 rectoribus
1802 2857 1941 2887 disicere

1089 2907 1205 2945 obvios,
1226 2911 1389 2944 proterere
1407 2905 1557 2934 iacentes.
1591 2905 1631 2933 66
1649 2902 1740 2943 sorte
1765 2912 1864 2942 equus
1886 2902 1940 2932 ab·

1088 2952 1194 2991 ruptis
1209 2950 1354 2981 vinculis
1371 2960 1472 2989 vayus
1497 2954 1526 2979 et
1543 2948 1679 2978 clamore
1695 2947 1830 2979 cerritus
1848 2957 1938 2987 quos-

1089 2997 1161 3026 dam
1177 2995 1410 3027 occurrentium
1428 2994 1619 3025 obturbavit.

1135 3047 1332 3072 transversos
1357 3045 1415 3070 aut
1439 3038 1571 3075 obviosJ.
1620 3039 1685 3068 Non
1709 3039 1782 3068 satis
1805 3042 1939 3077 apparet.

1090 3091 1185 3117 utrum
1203 3086 1260 3115 hoc
1279 3086 1344 3115 loco
1362 3086 1455 3115 eidem
1482 3084 1674 3121 intellegendi
1692 3084 1762 3121 sint,
1786 3084 1837 3122 qui
1855 3086 1940 3113 antea

1089 3133 1229 3161 dicuntur
1260 3140 1403 3170 equorum
1437 3130 1611 3168 corporibus
1643 3129 1765 3168 impulsi
1794 3138 1870 3166 esse,
1902 3138 1939 3158 an

1089 3178 1269 3216 quicumque
1301 3176 1462 3214 permixtae
1494 3175 1536 3204 illi
1570 3183 1686 3213 pugnae
1715 3174 1886 3212 intererant,
1911 3178 1940 3203 et

1089 3223 1221 3252 Britanni
1239 3224 1269 3251 et
1289 3221 1422 3254 Romani,
1441 3224 1470 3250 et
1486 3221 1602 3260 equites
1619 3222 1647 3249 et
1663 3219 1788 3259 pedites.
