2176 3672
594 309 766 356 LIBER
793 312 872 356 ῙΠ.
931 312 1033 368 Cap.
1061 313 1131 358 40.
1161 313 1229 358 41.
1258 312 1326 359 42.
1357 314 1426 358 43.
1811 315 1895 360 421

124 421 418 468 Cremonensis
438 429 594 468 eventu
625 438 705 469 non
736 426 934 480 ignavum
964 431 1021 479 et,
1050 428 1087 470 si
1106 428 1381 482 provenisset,
1410 432 1533 472 atrox
1552 429 1768 473 consilium
1789 430 1897 484 iniit,

123 506 174 547 ut
211 503 397 558 arreptis
435 504 634 569 navibus?
665 506 708 548 in
757 518 1063 562 quamcumque
1115 512 1281 561 partem
1321 508 1609 553 Narbonensis
1657 510 1898 564 provinciae

122 586 339 638 egroesuff‘
360 582 524 628 Gallias
561 590 606 628 et
645 586 854 629 exercitus
897 591 942 630 et
981 586 1234 631 Germaniae
1272 593 1420 642 gentes
1462 601 1699 643 novumque
1741 589 1897 635 bellum

121 662 267 709 cieret.
306 664 402 719 (42)
421 664 612 719 digresso
640 665 818 709 Valente
847 667 1049 721 trepidos,
1079 668 1151 722 qui
1170 669 1407 712 Ariminum
1438 669 1653 722 tenebant,
1683 669 1900 714 Cornelius

122 743 283 799 Fuscus
311 745 483 788 admoto
519 746 707 788 exercitu
748 750 792 789 et
821 747 959 790 missis
988 760 1064 801 per
1093 748 1283 802 proxima
1312 749 1484 792 litorum
1514 750 1752 793 Liburnicis
1780 754 1899 793 terra
1934 766 1954 795 5

122 823 314 879 marique
343 825 641 869 circumvenit:
683 831 944 880 occupantur
983 828 1111 881 plana
1150 828 1347 872 Umbriae
1386 832 1431 872 et
1470 842 1554 884 qua
1591 830 1767 874 Picenus
1796 844 1899 884 ager

121 903 287 949 Hadria
313 903 503 958 alluitur,
533 906 752 959 omnisque
780 907 908 950 Italia
937 907 1048 951 inter
1078 909 1384 962 Vespasianum
1415 922 1464 953 ac
1485 910 1703 953 Vitellium
1726 912 1898 966 Appen-

121 983 208 1028 nini
237 983 349 1038 iugis
380 985 666 1029 dividebatur.
725 986 882 1030 Fabius
901 987 1059 1031 Valens
1088 1001 1111 1031 e
1141 988 1235 1031 sinu
1265 989 1420 1032 Pisano
1449 990 1634 1044 segnitia
1663 990 1792 1033 maris
1821 995 1897 1034 aut

120 1063 375 1108 adversante
405 1069 530 1108 vento
558 1069 729 1120 portum
761 1066 958 1110 Herculis
981 1068 1188 1111 Monoeci=
1199 1069 1440 1122 depellitur.
1488 1069 1602 1112 haud
1633 1070 1775 1124 procul
1796 1071 1897 1115 inde

119 1143 277 1197 agebat
305 1144 466 1188 Marius
495 1145 688 1188 Maturus
717 1146 890 1199 Alpium
931 1147 1239 1190 maritimarum
1267 1154 1530 1202 procurator,
1570 1149 1680 1193 fidus
1710 1150 1896 1205 Vitellio,
1911 1164 1953 1193 10

119 1224 241 1269 cuius
259 1228 569 1269 sacramentum
600 1227 762 1269 cunctis
791 1226 903 1269 circa
932 1227 1159 1271 hostilibus
1190 1230 1374 1271 nondum
1396 1235 1581 1274 exuerat.
1612 1231 1650 1273 is
1674 1230 1895 1274 Valentem

119 1304 297 1349 comiter
339 1309 576 1359 exceptum,
617 1318 667 1348 ne
697 1305 877 1349 Galliam
908 1306 1220 1351 Narbonensem
1261 1313 1422 1352 temere
1462 1311 1767 1364 ingrederetur,
1809 1323 1896 1354 mo-

80 1400 88 1407 ·
118 1384 259 1428 nendo
275 1385 453 1437 terruit;
484 1385 609 1428 simul
629 1388 862 1429 ceterorum
892 1386 998 1429 fides
1029 1392 1147 1430 metu
1175 1387 1368 1432 infracta.
1399 1402 1579 1444 namque
1603 1390 1895 1435 circumiectas

118 1464 316 1509 civitates
343 1468 596 1518 procurator
624 1465 817 1509 Valerius
849 1466 1060 1519 Paulinus,
1102 1474 1302 1511 strenuus
1344 1469 1521 1513 militiae
1561 1475 1606 1513 et
1633 1470 1895 1524 Vespasiano

118 1547 219 1588 aute
236 1543 448 1589 fortunam
479 1546 654 1599 amicus,
684 1546 727 1588 in
759 1545 890 1589 verba
918 1547 1008 1590 eius
1029 1548 1254 1601 adegerat;
1286 1550 1380 1603 (43)
1411 1550 1667 1604 concitisque
1688 1551 1950 1604 omnibus,1⁵

118 1624 192 1678 qui
221 1624 481 1668 exauctorati
510 1638 537 1666 a
566 1625 738 1668 Vitellio
778 1625 932 1669 bellum
962 1631 1113 1681 sponte
1153 1628 1388 1682 sumebant,
1428 1629 1757 1673 Foroiuliensem
1786 1630 1894 1674 colo-

118 1703 247 1756 niam,
275 1703 463 1748 claustra
482 1704 624 1758 maris,
652 1705 867 1759 praesidio
890 1706 1102 1761 tuebatur,
1134 1719 1183 1749 eo
1202 1708 1371 1761 gravior
1391 1713 1553 1761 auctor,
1582 1710 1693 1764 quod
1715 1709 1893 1754 Paulino

117 1784 260 1837 patria
289 1784 441 1828 Forum
472 1784 554 1827 Iuli
583 1789 627 1828 et
646 1785 778 1828 honos
799 1787 912 1840 apud
935 1787 1238 1841 praetorianos,
1269 1801 1444 1842 quorum
1466 1790 1675 1843 quondam
1697 1790 1892 1832 tribunus

117 1861 280 1919 fuerat3
309 1863 475 1919 ipsique
504 1866 660 1918 pagani
689 1865 834 1908 favore
853 1866 1098 1921 municipali
1127 1872 1171 1910 et
1200 1867 1369 1912 futurae
1398 1870 1614 1922 potentiae
1644 1882 1719 1924 spe
1748 1870 1893 1914 iuvare

116 1947 263 1998 partes
290 1944 602 1989 adnitebantur.
632 1958 741 2000 quae
780 1950 829 1989 ut
867 1952 1021 2000 paratu
1050 1946 1171 1989 firma
1200 1951 1243 1990 et
1271 1954 1397 1992 aucta
1427 1962 1593 1992 rumore
1619 1951 1732 2003 apud
1752 1950 1892 1993 varios
1906 1961 1948 1991 20

117 2023 442 2068 Vitellianorum
474 2026 636 2069 animos
666 2026 943 2079 increbruere,
974 2027 1130 2070 Fabius
1159 2028 1314 2070 Valens
1344 2041 1436 2072 cum
1474 2033 1678 2082 quattuor
1704 2030 1893 2084 specula-

118 2104 283 2149 toribus
321 2109 366 2148 et
407 2105 544 2149 tribus
587 2106 745 2159 amiciS,
788 2106 966 2149 totidem
1008 2107 1323 2151 centurionibus
1362 2109 1418 2151 ad
1462 2121 1592 2153 naves
1630 2110 1890 2163 regreditur3

255 2234 272 2263 1
299 2234 419 2264 euentii
442 2233 564 2275 (notam
596 2233 656 2265 del.
695 2233 770 2274 lm.)
863 2235 882 2265 2
907 2233 1123 2266 narbonensis
1213 2236 1233 2266 3
1259 2238 1291 2266 et
1322 2235 1481 2266 exercitus
1514 2246 1574 2267 om.
1611 2236 1673 2267 det.
1769 2237 1789 2268 5
1816 2246 1889 2277 pro-

116 2277 224 2309 ximus
248 2277 278 2319 (s
302 2278 362 2309 del.
399 2277 472 2321 lm.)
566 2281 586 2310 6
611 2282 789 2320 occupatur
882 2282 900 2311 7
926 2280 1018 2310 adria
1050 2281 1085 2322 (b
1110 2290 1268 2320 superscr.
1307 2282 1382 2319 lm.)
1476 2279 1530 2323 718
1554 2282 1742 2322 Appennini
1777 2282 1886 2313 Pmo-

115 2323 234 2355 lanun:
257 2324 451 2365 appenninis
546 2327 586 2357 13
611 2325 752 2356 Intacta.
778 2326 885 2364 Nanq3
988 2328 1031 2357 14
1054 2326 1197 2357 ualerios
1292 2329 1331 2358 16
1357 2331 1511 2358 exauctor
1535 2329 1598 2358 rati
1622 2327 1684 2371 (pr.
1703 2338 1720 2358 r
1736 2328 1795 2358 del.
1816 2330 1890 2367 lm.)

118 2369 271 2400 sumebat
293 2370 330 2412 (n
355 2379 510 2410 super-sor.
539 2370 615 2410 lm.)
710 2368 808 2414 16117
833 2372 962 2402 colonia
986 2382 1068 2403 corr.
1095 2382 1132 2402 ea:
1146 2372 1231 2403 colia
1258 2375 1316 2403 lm.
1413 2374 1453 2403 17
1472 2378 1548 2412 post
1569 2374 1711 2405 claustra
1728 2383 1887 2414 super-ser.

116 2424 150 2455 q,
184 2417 204 2447 2
228 2415 279 2447 vd
301 2417 363 2449 31η.
457 2417 500 2448 20
525 2419 561 2447 ut
583 2416 650 2448 Iac.
679 2417 883 2448 Gronovius.-
915 2419 948 2448 ui
972 2418 1042 2457 (ubi
1068 2416 1157 2460 dett.)
1251 2419 1294 2450 22
1318 2418 1517 2458 totidemque
1540 2419 1614 2450 dett.

117 2540 230 2579 briam
254 2541 352 2572 homo
376 2542 482 2573 omnis
506 2542 634 2573 consilii
657 2552 773 2582 expers
805 2546 838 2574 et
860 2543 984 2574 adulte-
1019 2544 1215 2582 quillitatem
1227 2544 1338 2582 maris,
1363 2545 1470 2575 ventis
1486 2546 1560 2575 vela
1575 2554 1641 2576 non
1663 2545 1887 2585 implentibus,

115 2598 173 2630 riis
197 2598 383 2638 stuprisque
406 2599 547 2631 infamis.
571 2600 682 2630 chx.
707 2617 751 2622 —-
775 2599 806 2629 si
818 2601 985 2639 provenis-
1019 2611 1085 2631 non
1110 2611 1159 2639 eo,
1184 2611 1248 2640 quo
1273 2601 1418 2640 volebat,
1443 2602 1603 2640 pervenit,
1627 2603 1686 2633 sed
1701 2606 1827 2633 tantum
1853 2603 1886 2633 in

117 2652 177 2699 sd]
211 2655 240 2686 si
272 2665 429 2695 prospere
462 2657 683 2695 successisset,
719 2660 755 2687 ut
786 2658 827 2689 A.
865 2660 894 2696 1,
924 2659 984 2689 19:
1019 2662 1148 2697 portum
1173 2658 1336 2692 Herculis.
1360 2658 1497 2688 verbum
1522 2658 1690 2698 depellv'tur
1713 2659 1755 2689 ad
1771 2660 1885 2690 ultima

115 2711 171 2743 ubi
186 2713 297 2752 prima
321 2713 553 2753 provenissent.
580 2732 621 2737 —-
645 2718 674 2744 et
697 2712 864 2757 excreans]
891 2715 981 2753 quid·
1018 2715 1115 2745 modo
1149 2715 1307 2746 refertur:
1341 2715 1383 2746 ad
1416 2716 1527 2754 priora
1563 2717 1715 2754 generale
1747 2716 1886 2747 verbum

116 2769 194 2808 quid
215 2770 383 2810 copiarum
420 2771 596 2801 etiamtunc
630 2774 701 2801 erat
740 2770 774 2801 in
809 2770 928 2802 Galliis
953 2771 1268 2817 etgintelligendnm
1300 2777 1359 2802 est.
1396 2773 1533 2802 Domui.
1580 2773 1671 2803 velut
1707 2772 1884 2812 impedit-w,

115 2829 252 2865 utraque
283 2826 469 2866 Germania,
504 2827 617 2859 tractis
652 2828 685 2858 in
719 2828 842 2859 Vitellii
873 2832 982 2868 partes
998 2842 1001 2872 3
1018 2838 1081 2866 quo
1105 2829 1212 2859 minus
1236 2829 1270 2859 in
1285 2828 1426 2859 Galliam
1439 2828 1683 2860 Narbonensem
1702 2831 1884 2869 perveniat,

115 2882 214 2914 etiam
245 2882 449 2915 Germanicis
481 2885 605 2925 aliquot
637 2884 801 2924 gentibus.
840 2890 981 2916 ceterum
1017 2887 1063 2915 uti
1095 2886 1294 2916 decreverat.
1319 2903 1363 2908 —
1390 2883 1546 2928 Monoeci]
1583 2890 1696 2925 portus
1731 2887 1885 2925 Liguriae

116 2942 267 2979 expectes
299 2941 408 2980 potius
445 2941 575 2972 Gallias
610 2946 639 2972 ec
673 2941 867 2972 Germaniae
897 2953 981 2974 exer-
997 2920 1000 3006 l
1017 2952 1090 2973 cum
1115 2944 1238 2982 templo
1264 2943 1381 2979 herois,
1409 2942 1505 2972 hodie
1531 2942 1675 2973 Mdnaco.
1696 2962 1738 2966 —
1756 2943 1884 2974 Mar-'us

115 2996 196 3027 aaut
219 3001 249 3027 et
270 3001 374 3036 pentes
399 2996 440 3028 cf.
465 3007 492 3030 c.
521 3000 563 3029 62
582 2999 766 3038 pervasisse
790 3000 824 3030 in
848 3000 998 3031 Germa·¹
1019 2997 1178 3041 Maturus]
1213 3000 1254 3030 cf.
1281 3001 1311 3036 2,
1348 3001 1398 3030 12.
1426 3016 1467 3022 -
1487 3004 1682 3038 procurator
1723 2997 1884 3043 Valerius]

114 3053 188 3085 nias
218 3052 377 3085 Valentem
407 3059 437 3085 d
458 3059 574 3086 veteres
606 3055 675 3086 illic
704 3065 860 3095 novosque
893 3045 999 3087 exer-3
1018 3055 1146 3086 Galliae
1171 3056 1395 3086 Narbonensis
1428 3060 1672 3095 procuratorem
1704 3056 1806 3088 fuisse
1830 3066 1883 3087 su—

116 3110 197 3141 eitun
221 3111 305 3142 ciere
328 3109 506 3142 credebam.
997 3112 1161 3159 {spicatur
1186 3112 1339 3149 Savilius,
1376 3113 1408 3143 in
1442 3122 1507 3151 qua
1530 3113 1652 3143 Forum
1676 3113 1760 3143 Iulii.
1796 3114 1883 3143 Ean.

161 3168 216 3198 42.
242 3167 406 3199 Comeli-u
429 3166 564 3212 Meus]
589 3170 629 3201 de
663 3180 727 3209 quo
759 3180 786 3201 c.
811 3164 843 3202 4ss
883 3173 923 3202 12
951 3164 999 3221 et]
1063 3171 1118 3200 43.
1142 3167 1296 3211 omnibus]
1322 3169 1548 3209 praetorianis.
1590 3170 1668 3200 vide
1694 3171 1724 3208 2,
1759 3171 1813 3202 67.
1842 3189 1879 3193 —

118 3224 150 3260 2,
182 3224 236 3255 88.
265 3240 304 3247 -
330 3222 476 3267 Eccum]
510 3226 600 3265 regio
636 3226 721 3258 inter
747 3228 913 3258 Umbriam
950 3231 999 3258 et}
1019 3223 1277 3268 Foroiuliensem]
1314 3226 1402 3257 dicta
1433 3225 1531 3256 etiam
1567 3226 1694 3257 colonia
1728 3227 1883 3259 Pacensis

116 3289 206 3310 mare
221 3279 433 3318 Adriaticum,
457 3285 579 3313 tractus
603 3283 691 3314 circa
702 3285 882 3322 Anconam,
912 3284 980 3315 Fir·
997 3303 999 3308 ψ
1017 3287 1048 3313 et
1072 3284 1218 3313 classica.
1251 3283 1335 3313 Plin.
1363 3285 1395 3322 3,
1420 3285 1475 3314 35.
1516 3282 1561 3313 ibi
1587 3283 1706 3314 navale
1729 3284 1882 3323 Augusti.

117 3337 216 3367 mium
249 3335 401 3378 (Ferme),
433 3338 590 3369 Asculum
626 3340 781 3371 Picenum
814 3340 1132 3373 diversum'Strabo
1157 3341 1186 3370 4.
1224 3349 1254 3379 p.
1282 3342 1357 3371 184.
1396 3338 1525 3369 Omma.
1560 3339 1658 3371 hodie
1690 3340 1814 3379 liv-esua.
1841 3359 1881 3364 —

116 3393 158 3423 ab
182 3394 293 3434 Apulo
317 3392 469 3437 (Aaeeoli).
490 3412 529 3417 —
549 3394 741 3436 Appennini
760 3396 858 3441 iuqis]
883 3408 909 3429 c.
937 3400 978 3429 52
997 3398 1124 3436 ,favore
1148 3394 1349 3439 municipali]
1376 3397 1524 3427 faventes
1548 3396 1704 3437 municipi
1736 3407 1795 3429 suo
1819 3398 1883 3429 Va-

117 3450 303 3490 Appemoim‘
332 3451 420 3491 iupa.
448 3469 488 3474 —
512 3453 648 3491 nequitia
678 3452 794 3498 mamb]
826 3455 869 3485 ob
893 3459 980 3485 tran·
997 3449 999 3489 ᾗ
1016 3454 1105 3493 lario,
1132 3454 1186 3491 qui
1211 3457 1326 3493 postea
1350 3453 1530 3493 potentiam
1553 3453 1690 3493 adeptus
1715 3455 1801 3494 apud
1820 3455 1882 3486 Ve-
