2176 3672
710 220 884 263 LIBER
911 219 946 262 L
1005 218 1106 272 Cap.
1140 218 1204 261 76.
1237 219 1301 262 77.
1334 218 1399 261 78.
1854 218 1939 260 293

165 335 298 379 Pedio
314 335 482 389 Blaeso,
510 334 691 380 Saevino
709 333 864 377 Pontio
893 333 1131 377 senatorius
1160 332 1289 377 locus.
1331 334 1663 388 repetundarum
1693 331 1938 376 criminibus

167 415 247 460 sub
277 414 456 460 Claudio
485 427 536 474 ac
562 413 729 461 Nerone
757 414 1018 457 ceciderant:
1061 412 1224 467 placuit
1263 413 1577 468 ignoscentibus
1606 425 1728 456 verso
1757 413 1937 466 nomine,

166 496 283 552 quod
318 488 501 539 auaritia
539 493 698 548 fuerat,
739 494 875 537 videri
911 493 1202 547 maiestatem,
1245 494 1363 537 cuius
1394 497 1485 537 tum
1515 494 1613 536 odio
1643 494 1773 536 etiam
1800 493 1938 536 bonae

165 575 282 630 leges
318 574 526 630 peribant.
584 573 679 629 (78)
719 574 868 617 eadem
905 573 1134 627 largitione
1164 574 1400 617 civitatium
1428 587 1593 629 quoque
1622 586 1672 617 ac
1699 574 1937 628 provincia-

165 668 262 700 rum
299 655 459 699 animos
498 655 727 708 adgressus
756 652 1083 708 Hispalensibus
1122 657 1166 697 et
1193 654 1529 698 Emeritensibus
1564 653 1820 697 familiarum
1859 655 1935 697 ad-
1971 663 1992 693 5

164 735 381 789 iectiones,
407 734 669 789 Lingonibus
699 734 907 777 universis
939 735 1154 777 civitatem
1182 733 1433 788 Romanam,
1463 734 1707 789 provinciae
1734 734 1937 778 Baeticae

163 814 410 859 Maurorum
438 813 633 858 civitates
663 815 774 858 dono
803 814 942 866 dedit;
983 827 1092 856 nova
1130 815 1226 857 iura
1256 814 1572 869 Cappadociae,
1613 827 1723 857 nova
1751 813 1935 868 Africae,

163 894 350 939 ostentui
367 894 504 948 magis
524 907 651 950 quam
671 908 882 937 mansura.
927 895 1040 937 inter
1059 908 1168 950 quae
1196 895 1450 938 necessitate
1478 895 1766 948 praesentium
1795 907 1936 938 rerum

163 976 211 1019 et
234 973 495 1018 instantibus
525 975 638 1018 curis
668 978 870 1018 excusata
897 987 952 1018 ne
980 978 1071 1018 tum
1101 975 1271 1030 quidem
1300 976 1519 1017 immemor
1548 988 1739 1017 amorum
1768 978 1935 1018 statuas

162 1053 388 1109 Poppaeae
424 1067 503 1109 per
541 1058 715 1098 senatus
754 1054 993 1098 consultum
1021 1056 1224 1109 reposuit.
1272 1054 1460 1098 creditus
1490 1058 1557 1097 est
1585 1055 1715 1098 etiam
1744 1055 1798 1097 de
1827 1055 1935 1098 cele-
1949 1066 1992 1096 ιο

162 1133 330 1178 branda
356 1133 540 1179 Neronis
570 1135 773 1178 memoria
802 1135 1035 1189 agitavisse
1062 1147 1140 1189 spe
1168 1134 1340 1188 volgum
1370 1134 1593 1177 alliciendi.
1644 1138 1687 1178 et
1715 1133 1833 1178 fuere
1861 1135 1935 1190 qui

162 1213 367 1268 imagines
394 1213 575 1258 Neronis
614 1218 920 1270 proponerent;
967 1218 1097 1269 atque
1137 1215 1265 1257 etiam
1295 1214 1452 1257 Othoni
1491 1214 1743 1269 quibusdam
1784 1214 1934 1258 diebus

160 1293 346 1349 populus
381 1297 426 1338 et
453 1294 597 1349 miles,
637 1298 840 1350 tanquam
878 1294 1144 1338 nobilitatem
1185 1306 1235 1338 ac
1273 1295 1402 1338 decus
1441 1295 1734 1349 adstruerent,
1775 1295 1933 1338 Neroni

258 1444 274 1473 1
301 1443 393 1474 bleso
474 1442 634 1474 Scaevino
659 1443 731 1474 dea.
809 1444 926 1474 Pontio
951 1443 1045 1474 deca:
1081 1413 1161 1490 gn}
1191 1442 1262 1484 (litt.
1279 1453 1295 1474 s
1317 1444 1451 1481 incerta,
1474 1444 1547 1474 item
1569 1444 1603 1474 in
1625 1454 1726 1483 τηαν-9.
1750 1445 1932 1484 promptius

162 1503 187 1523 a
209 1497 326 1530 veto-es
341 1502 532 1532 quamquam
553 1502 618 1523 non
641 1503 664 1522 a
682 1490 760 1535 lm),
783 1493 937 1532 proprius
959 1503 993 1531 a,
1017 1495 1184 1533 promptio
1208 1493 1228 1524 b
1251 1495 1378 1534 (nomen
1399 1494 1572 1525 ἐπαγ-ουκ.-
1594 1495 1768 1534 Pomptino
1791 1495 1931 1532 Brotier,

163 1538 282 1569 Porcio
304 1538 427 1576 Haase,
449 1538 564 1569 Prisco
587 1538 701 1576 Rider)
725 1539 766 1578 (τί
790 1538 991 1569 Fleckeiseni
1010 1540 1121 1571 annal.
1150 1541 1238 1570 1882
1254 1550 1292 1579 p.
1312 1541 1377 1571 135
1447 1540 1466 1569 5
1492 1540 1743 1579 Hispalensibus
1767 1542 1932 1572 Fam-nus:

159 1583 428 1624 hispaniensibus
497 1586 517 1616 6
540 1585 708 1624 prouincie
731 1584 838 1624 betice
909 1587 927 1615 7
953 1594 1043 1615 nova
1065 1585 1148 1626 iura]
1172 1586 1292 1615 ualura
1314 1586 1371 1627 (no
1395 1595 1496 1625 cupra
1518 1586 1575 1616 lin.
1592 1586 1670 1617 add.
1687 1589 1749 1624 lm,
1772 1587 1806 1617 in
1829 1598 1931 1627 marq.

158 1639 247 1661 noua
270 1629 336 1672 zm)
404 1631 426 1662 8
450 1631 591 1661 ostentai
614 1631 697 1673 (nh-,-
719 1630 778 1662 sed
797 1630 922 1661 nitimur
935 1630 1042 1670 flasse
1065 1630 1218 1675 ostentui)
1291 1634 1332 1663 10
1354 1641 1484 1672 poppee

161 1755 259 1788 Pedio
281 1755 412 1796 Blaeso]
449 1756 534 1786 Anu.
564 1758 622 1794 14,
649 1758 691 1788 18
727 1757 833 1788 Motus
866 1762 977 1788 senatu
1000 1761 1030 1787 et
1064 1757 1279 1796 LanyomZus,
1304 1758 1397 1796 quasi
1420 1757 1651 1798 Langobrigae
1670 1758 1860 1790 Lusitaniae
1883 1760 1930 1790 in-

160 1813 277 1845 Pediua
299 1813 437 1844 Blaesus
464 1813 688 1844 accusantibus
713 1812 942 1852 Cyrenensibus
966 1818 1026 1845 eet.
1064 1815 1167 1853 colis,
1198 1815 1287 1845 omui
1311 1819 1401 1845 caret
1432 1815 1633 1845 auctoritate.
1660 1834 1705 1838 —
1741 1817 1931 1847 Maurorum

160 1887 205 1894 —
221 1870 352 1910 plac-a
372 1869 613 1910 ι’φιοεαπεῶω]
648 1869 771 1902 Othoni
803 1871 1027 1910 patribusque.

161 1927 313 1967 „Placuit
334 1928 457 1958 crimen
481 1936 612 1957 reorum
640 1937 733 1958 verso
753 1928 879 1958 nomine
910 1929 1027 1958 mutari

160 1989 204 2024 et,
227 1984 315 2024 quod
334 1984 478 2016 mre-22
492 1984 626 2024 flerat,
650 1985 811 2023 siquidem
833 1985 1028 2024 repetunda-

160 2052 236 2074 rum
258 2041 450 2073 criminibus
471 2042 675 2078 ceciderant,
699 2042 894 2073 maiestatem
916 2043 1027 2082 appel-

160 2100 244 2132 lari:
277 2099 365 2139 quod
398 2099 531 2138 quidem
563 2098 744 2129 maiestatis
778 2099 900 2129 crimen
936 2103 1026 2130 tanto

159 2156 235 2190 ode‘o
258 2160 331 2188 erat
350 2160 487 2197 propter
510 2158 559 2186 tot
581 2156 771 2186 innocentes
792 2155 870 2185 olim
893 2155 1027 2186 damna·

159 2218 223 2252 tos,
246 2218 285 2246 ut
306 2214 405 2246 etiam
428 2213 530 2244 bonae
552 2213 815 2252 ἱερατικά-επὶ,
835 2212 948 2243 irritae
970 2213 1026 2244 fie-

159 2274 243 2303 rent.
292 2270 449 2310 Quisquis
480 2270 566 2300 enim
590 2270 769 2300 maiestatis
800 2269 1027 2308 accusabatur,

161 2328 278 2360 insons
292 2326 478 2364 videbatur,
504 2327 581 2358 licet
602 2327 778 2358 multorum
801 2327 941 2358 aliorum
965 2327 1025 2358 cri-

160 2385 285 2416 minum
306 2384 393 2416 foret
414 2386 525 2416 reus.“
548 2384 656 2416 Bao-r.

209 2441 263 2473 78.
307 2439 562 2481 mapula-effla]
602 2440 751 2479 Hispalis
790 2441 824 2471 in
863 2441 1026 2480 Hispania

158 2498 314 2531 ulteriore
345 2498 419 2530 eive
440 2498 576 2530 Baetica
606 2497 706 2540 (Plin.
734 2498 766 2535 3,
791 2498 823 2533 1.
850 2496 906 2537 13)
939 2507 1025 2528 nune

159 2555 291 2594 seuva,
315 2555 464 2587 Emerita
485 2555 652 2595 Augusta,
677 2555 711 2585 in
736 2564 833 2593 quam
856 2556 1024 2593 Augustus

159 2613 323 2646 coloniam
337 2613 528 2651 deduxerat,
543 2612 578 2642 in
593 2611 766 2642 Lusitania
782 2621 867 2643 nunc
885 2611 1022 2643 Merida.

158 2687 206 2695 -
222 2669 433 2710 samanar-um
462 2665 669 2712 adimam]
703 2669 753 2699 Ita
786 2668 937 2699 solebant
960 2669 1023 2699 Ro-

158 2728 248 2759 mani
263 2727 464 2759 coloniarum
478 2725 715 2765 infrequentiae
732 2725 919 2763 subvenire,
937 2735 1024 2756 nova

159 2784 360 2816 familiarum
382 2784 507 2823 aliquot
529 2783 721 2814 adiectione.
745 2782 861 2813 Livius
884 2783 940 2820 43,
960 2784 1022 2814 17:

159 2840 393 2874 halaam
416 2839 665 2880 Aquaea'emium
693 2839 825 2879 leqatis,
860 2844 894 2870 ut
921 2849 1024 2870 nume-

158 2907 231 2929 rian
263 2898 445 2930 odona-nnn
476 2901 643 2937 augerent,
678 2896 763 2927 mille
785 2902 815 2927 et
838 2898 1023 2937 quingentae

158 2954 308 2992 familiae
329 2964 369 2986 ex
391 2953 452 2986 80.
476 2955 625 2994 scriptae.
651 2954 746 2984 Lms.
788 2955 828 2985 cf.
854 2957 941 2985 Anu.
970 2956 1023 2992 13,

161 3013 219 3044 si.
244 3012 298 3051 14,
323 3013 379 3043 27.
402 3028 449 3036 -
480 3009 689 3054 Linqom'bus]
723 3011 888 3051 Lanqrelu
922 3011 1022 3050 expli-

159 3070 253 3099 cant:
294 3069 397 3108 „quia
436 3068 470 3099 hi
504 3067 638 3100 Vitellio
673 3068 886 3099 vehementer
922 3067 1023 3098 dediti

161 3129 276 3164 erant,
300 3134 357 3156 eos
381 3124 469 3156 Otho
493 3124 555 3155 sibi
579 3124 754 3156 conciliare
779 3128 916 3155 conatus
940 3126 1022 3156 est.“

161 3181 284 3212 Verum
306 3181 372 3212 iam
395 3191 417 3212 a
431 3180 545 3221 Lipsio
568 3181 707 3220 aliisque
731 3184 819 3212 recte
843 3181 1023 3212 dubitatum

161 3240 212 3268 eet
227 3259 236 3274 ‚
259 3245 301 3267 an
325 3246 391 3268 non
414 3237 468 3268 hie
492 3237 592 3268 lateat
614 3237 813 3277 H'tspanicae
835 3238 942 3276 gentis
966 3238 1023 3267 ali·

160 3291 252 3324 cuius
276 3301 414 3333 nomen;
437 3294 496 3325 sed
520 3293 607 3332 quod
630 3303 827 3334 proposuere
845 3294 1023 3334 Bipontini,

1063 1869 1219 1914 civitates]
1253 1872 1413 1911 imprimis
1448 1872 1572 1910 Tingin
1605 1878 1638 1902 et
1668 1873 1804 1910 Lixum,
1845 1884 1931 1904 nunc

1068 1927 1199 1967 Tandja
1233 1932 1266 1958 et
1297 1927 1431 1958 Alkasr.
1478 1929 1518 1958 V.
1543 1929 1675 1959 Aldrete
1707 1931 1820 1961 varias
1849 1932 1930 1961 ana·-

1065 1985 1228 2024 ffloedades
1251 1985 1290 2016 de
1313 1983 1472 2025 Espafia,
1507 1985 1626 2025 Afin'oa
1648 1996 1671 2025 y
1694 1991 1783 2018 otras
1798 1988 1930 2027 provin·-

1063 2041 1142 2072 eias.
1167 2044 1201 2081 4,
1225 2052 1254 2072 c.
1272 2044 1325 2072 21.
1371 2043 1496 2079 Voluit,
1521 2047 1557 2074 ut
1574 2044 1763 2074 Mamor-um
1787 2045 1930 2076 civitates

1062 2098 1134 2128 iura
1167 2102 1319 2137 peterent
1355 2100 1397 2130 ab
1430 2100 1592 2139 Hispania
1625 2101 1761 2131 Baetica
1795 2102 1929 2141 eiusque

1062 2160 1246 2187 conventus
1278 2157 1435 2188 iuridieos
1457 2157 1598 2187 adirent.
1635 2158 1743 2188 Buor.
1791 2159 1930 2199 Insuper

1063 2214 1123 2243 hac
1147 2214 1378 2245 constitutione
1401 2213 1605 2252 augebantur
1628 2215 1780 2246 Baeticae
1804 2217 1928 2247 reditus

1062 2269 1205 2309 publici,
1242 2270 1360 2309 quibus
1393 2270 1531 2302 internis
1566 2272 1633 2302 suis
1668 2273 1926 2313 necessitatibus,

1062 2326 1216 2366 operibus
1239 2327 1379 2366 publicis
1402 2328 1619 2367 exstruendis,
1642 2329 1708 2360 viis
1731 2331 1925 2366 muniendis,

1061 2383 1293 2414 satisfaciebat.
1317 2401 1363 2407 -—
1396 2382 1544 2428 ostentui]
1568 2386 1721 2424 quoniam
1744 2397 1821 2418 mox
1844 2388 1927 2418 anti·

1062 2442 1165 2479 quata
1186 2445 1264 2472 sunt
1286 2451 1375 2472 nova
1396 2442 1461 2472 ista
1485 2442 1569 2472 iura.
1602 2443 1643 2472 cf.
1669 2445 1702 2481 3,
1727 2445 1769 2476 35
1794 2445 1930 2475 ostentui

1061 2498 1182 2528 misere.
1221 2498 1367 2537 Draeqer
1390 2497 1482 2538 Synt.
1506 2498 1527 2538 ξ
1552 2500 1606 2529 ⁵2.
1633 2517 1676 2521 —
1711 2510 1749 2531 m
1772 2505 1835 2531 tum
1859 2502 1927 2540 qni-

1061 2553 1130 2584 dem
1154 2554 1314 2585 inmemor
1335 2565 1478 2586 amor-um
1502 2554 1577 2599 cet.]
1610 2556 1726 2587 Priora
1749 2558 1807 2589 illa
1830 2559 1925 2590 facile

1061 2611 1310 2650 excusabuntur,
1335 2613 1416 2643 haec
1432 2622 1497 2643 non
1514 2613 1602 2643 item.
1628 2630 1671 2636 —
1696 2613 1833 2658 statuas]
1851 2625 1925 2655 pro-

1060 2672 1163 2699 rutas.
1205 2669 1247 2700 cf.
1273 2670 1359 2700 Ann.
1388 2670 1450 2707 14,
1476 2670 1530 2699 61.
1554 2686 1598 2692 —
1631 2680 1686 2709 spe
1709 2671 1831 2710 volgum
1854 2672 1926 2704 alli-

1059 2724 1174 2765 cienda]
1207 2726 1292 2756 Nam
1323 2726 1416 2765 plebs
1440 2726 1569 2757 faverat
1591 2727 1715 2758 Neroni
1738 2731 1772 2759 et
1793 2729 1927 2768 lugebat

1060 2782 1129 2813 eius
1164 2787 1313 2813 mortem.
1354 2783 1396 2814 ef.
1422 2793 1448 2814 c.
1468 2783 1488 2812 4
1521 2787 1553 2814 et
1575 2782 1661 2814 Suet
1688 2785 1764 2817 Ner.
1791 2786 1846 2818 57.
1879 2804 1924 2811 -

1054 2837 1280 2882 proponerent]
1317 2840 1373 2878 „in
1409 2840 1491 2870 locis
1523 2839 1664 2879 publicis
1687 2841 1801 2873 iniussi
1824 2852 1924 2882 pone-

1059 2900 1133 2927 rent
1155 2896 1314 2935 imagines
1331 2897 1504 2927 Neronis.“
1529 2896 1616 2927 Eun.
1664 2897 1762 2930 Hunc
1777 2908 1872 2931 usum
1888 2911 1922 2932 v,

1054 2961 1232 2992 proponere
1265 2952 1453 2984 Gronovius
1482 2954 1626 2984 firmavit
1658 2964 1698 2985 ex
1730 2955 1835 2987 Plinio
1866 2959 1922 2996 3⁵,

1060 3013 1100 3047 4.
1127 3011 1180 3040 22.
1218 3009 1307 3040 Suet.
1333 3010 1405 3041 Cal.
1431 3011 1485 3042 41.
1515 3027 1556 3033 —
1590 3010 1778 3050 quamdam
1801 3013 1921 3058 diebus]

1059 3068 1182 3106 Aperte
1216 3067 1379 3106 significat
1409 3067 1472 3098 hoc
1503 3069 1727 3100 tantummodo
1759 3070 1922 3103 interdum

1060 3124 1191 3161 factum,
1217 3124 1290 3155 aliis
1312 3123 1429 3155 diebus
1445 3124 1601 3155 omissum
1618 3134 1699 3156 esse.
1746 3127 1828 3159 Mire
1844 3128 1922 3168 Lip-

1060 3181 1127 3211 sius
1144 3180 1177 3209 in
1195 3179 1246 3210 bis
1263 3180 1379 3220 haesit,
1405 3181 1656 3221 Quanquam
1679 3183 1797 3222 Mus,
1821 3185 1922 3216 Hein-

1060 3237 1126 3267 sius
1150 3236 1260 3267 iisdem
1283 3237 1392 3269 diebus
1416 3242 1556 3270 tentans.
1579 3257 1623 3263 —
1647 3239 1771 3272 Neroni
1792 3241 1919 3286 Othoni]

1060 3293 1101 3324 cf.
1128 3293 1169 3323 ad
1192 3303 1219 3323 c.
1238 3295 1280 3325 76
1305 3294 1444 3326 similem
1468 3295 1578 3328 Cluvii
1603 3296 1675 3328 Rufi
1701 3299 1920 3331 narrationem
