2176 3672
775 291 947 336 LIBER
974 292 1051 336 III.
1111 292 1213 347 Cap.
1242 292 1312 336 21.
1341 292 1409 336 22.
1902 288 1986 333 407

213 408 336 453 lectis
365 407 633 464 popularium
662 408 838 462 primori
867 408 912 451 in
941 407 1032 452 acie
1050 407 1346 451 versabantur.
1391 406 1485 463 (22)
1515 410 1562 449 at
1582 404 1838 449 Vitellianus
1867 417 1988 448 exer-

214 489 338 542 citus,
366 489 434 532 cui
473 488 747 543 adquiescere
787 488 1018 532 Cremonae
1058 492 1102 532 et
1140 488 1391 542 reciperatis
1433 487 1527 532 cibo
1566 498 1797 540 somnoque
1825 484 1988 529 viribus

214 563 450 614 confectum
481 568 626 623 algore
655 574 784 623 atque
816 569 961 613 inedia
987 569 1155 612 hostem
1184 573 1358 623 postera
1377 568 1448 612 die
1468 565 1696 622 profligare
1715 578 1766 610 ac
1786 578 1990 620 proruere

213 649 327 694 ratio
354 648 452 701 fuit,
481 648 654 704 indigus
682 649 875 702 rectoris,
904 650 1027 703 inops
1058 648 1235 701 consilii,
1274 649 1403 692 tertia
1443 647 1576 692 ferme
1604 647 1741 691 noctis
1781 646 1888 689 hora
1911 658 1988 700 pa-

214 729 322 774 ratis
350 730 436 773 iam
466 729 770 784 dispositisque
799 729 1017 773 Flavianis
1056 729 1303 784 inpingitur.
1364 729 1554 772 ordinem
1596 726 1779 782 agminis
1819 726 1989 770 disiecti
2025 739 2045 769 5

213 822 292 864 per
320 810 428 853 iram
459 822 509 853 ac
537 809 735 853 tenebras
766 810 1018 853 adseverare
1046 822 1129 852 non
1160 809 1311 862 ausim,
1355 821 1596 863 quanquam
1625 808 1701 851 alii
1730 807 1990 850 tradiderint

213 893 413 944 quartam
443 889 760 933 Macedonicam
791 890 987 933 dextrum
1019 902 1189 933 suorum
1221 902 1365 943 cornu,
1396 889 1588 943 quintam
1618 892 1663 931 et
1692 887 1884 942 quintam
1915 887 1989 930 de·

215 979 380 1012 cumam
421 981 514 1012 cum
554 969 720 1013 vexillis
759 982 896 1013 nonae
934 968 1227 1024 secundaeque
1269 975 1314 1013 et
1354 970 1610 1013 vicensimae
1647 968 1988 1011 Britannicarum

212 1048 426 1104 legionum
487 1050 671 1093 mediam
721 1050 877 1103 aciem,
940 1051 1318 1094 sextadecumanos
1374 1050 1891 1103 duoetvicensimanosque
1945 1052 1991 1091 et

213 1130 432 1184 primanos
462 1130 628 1174 laevum
659 1142 789 1173 cornu
819 1131 1063 1185 complesse.
1122 1131 1316 1185 Rapaces
1358 1135 1487 1184 atque
1525 1129 1666 1174 Italici
1706 1129 1901 1173 omnibus
1943 1141 1991 1172 se
2004 1142 2046 1171 10

207 1209 442 1265 manipulis
471 1211 742 1263 miscuerant,
786 1223 917 1264 eques
962 1211 1203 1266 auxiliaque
1241 1210 1324 1254 sibi
1364 1210 1449 1265 ipsi
1479 1210 1616 1254 locum
1655 1210 1808 1264 legere.
1867 1221 1990 1264 proe-

213 1289 317 1333 lium
346 1294 442 1334 tota
469 1294 593 1334 nocte
621 1291 785 1334 varium
816 1303 974 1346 anceps
1003 1296 1151 1346 atrox3
1183 1291 1264 1344 his,
1294 1304 1444 1335 rursus
1481 1291 1567 1334 illis
1597 1289 1824 1334 exitiabile.
1882 1289 1989 1333 nihil

212 1369 379 1426 animus
408 1375 485 1413 aut
513 1383 676 1424 manus,
715 1384 769 1414 ne
807 1371 918 1415 oculi
958 1372 1129 1426 quidem
1158 1372 1337 1426 provisu
1366 1371 1582 1415 iuvabant.
1632 1371 1779 1414 eadem
1809 1374 1991 1424 utraque

213 1450 305 1494 acie
334 1462 479 1504 arma;
518 1451 678 1495 crebris
707 1438 1113 1507 interrogationibus
1142 1456 1290 1495 notum
1323 1455 1502 1507 'pugnae
1545 1452 1739 1506 signum3
1780 1451 1991 1504 permixta

212 1529 380 1583 vexilla,
408 1534 457 1574 ut
485 1532 664 1585 quisque
702 1531 853 1587 globus
899 1536 1026 1587 capta
1066 1546 1118 1576 ex
1157 1533 1352 1577 hostibus
1397 1532 1481 1576 huc
1521 1532 1589 1576 vel
1630 1532 1732 1575 illuc
1773 1531 1989 1586 raptabat.
2004 1543 2046 1572 15

213 1610 475 1665 urguebatur
503 1611 686 1654 maxime
714 1612 897 1667 septima
924 1613 1035 1668 legio
1063 1626 1200 1668 nuper
1229 1627 1256 1656 a
1280 1612 1417 1657 Galba
1446 1613 1696 1666 conscripta.
1757 1612 1885 1655 occisi
1915 1624 1990 1655 sex

212 1691 446 1746 primorum
475 1691 669 1735 ordinum
701 1693 980 1748 centuriones,
1010 1693 1190 1748 abrepta
1218 1694 1427 1747 quaedam
1458 1693 1604 1747 signa:
1633 1693 1771 1747 ipsam
1802 1691 1989 1746 aquilam

213 1767 373 1816 Atilius
401 1771 539 1816 Verus
567 1773 774 1827 primipili
815 1774 1007 1818 centurio
1045 1774 1182 1818 multa
1222 1787 1318 1819 cum
1359 1774 1547 1818 hostium
1586 1777 1731 1828 strage
1760 1777 1803 1816 et
1832 1774 1889 1816 ad
1918 1785 1989 1816 ex·

353 1968 369 1997 1
397 1967 540 2008 primore
562 1967 664 1999 Rider
1703 1969 1858 2001 Messalla
1889 1970 1990 2000 tradi-

1476 2014 1716 2045 brittannicarfi
1785 2017 1804 2046 9
1830 2013 1990 2058 εθιωξτὶο-

1436 2062 1476 2092 12
1501 2060 1686 2092 exitiabiles
1721 2061 1778 2092 sed
1799 2071 1815 2092 s
1840 2060 1899 2092 del.
1928 2065 1987 2092 lm.

754 1971 775 2000 4
798 1969 880 2000 hara
973 1971 991 2001 6
1017 1967 1184 2011 qu3n2qua
1216 1969 1286 2012 (pr.
1311 1974 1418 2001 notam
1442 1969 1502 1999 del.
1535 1970 1611 2008 lm.)

218 2011 388 2044 derit-Ich.
404 2013 523 2045 Marum
593 2016 611 2045 ⁷
637 2014 787 2046 dextrum
811 2016 977 2046 Faernus.-
992 2015 1105 2046 dextro
1176 2016 1196 2046 8
1221 2016 1398 2056 secundeq;

218 2068 320 2090 cunos
344 2059 402 2091 aed
421 2069 477 2090 ma
500 2069 656 2100 super-scr.
685 2064 746 2092 lm.
841 2062 882 2092 10
909 2063 1011 2092 θοι-υἷι
1106 2059 1206 2104 11112
1230 2062 1340 2092 Prelifi

218 2107 260 2137 ie
284 2105 327 2136 ad
351 2106 439 2145 gaba
531 2107 571 2137 17
597 2106 767 2147 abreptaq3
798 2106 954 2138 librarius
976 2107 1154 2147 empturus
1178 2117 1261 2138 corr.

215 2288 443 2328 praetorianos
467 2288 632 2320 aVitellio
657 2292 883 2320 exauctoratos
914 2289 971 2331 (cf.
997 2289 1084 2322 Suet.
1119 2293 1215 2320 natae
1239 2289 1347 2320 adhuc
1370 2289 1525 2320 omnibus
1549 2299 1584 2320 se
1607 2289 1785 2329 manipulis
1803 2290 1989 2321 miscerent.

215 2345 283 2376 Vit.
308 2355 335 2377 c.
364 2343 419 2386 10)
443 2349 476 2376 et
500 2355 519 2376 a
542 2346 747 2386 Vespasiano
771 2347 1006 2386 reciperandae
1023 2347 1083 2377 mi-

215 2402 306 2434 litiae
329 2403 475 2442 praemio
499 2403 658 2434 invitatos
683 2401 738 2446 (cf.
756 2406 788 2443 2,
816 2404 869 2435 67.
891 2402 960 2445 82.)
985 2404 1085 2435 Wan-

216 2467 320 2491 mn.
334 2477 378 2483 —
383 2459 525 2499 primori
545 2461 580 2490 in
603 2459 683 2500 acie]
701 2460 813 2491 Sir-ker
827 2460 904 2491 Tac.
918 2460 1083 2492 Formenl.

215 2517 290 2558 §42
315 2527 347 2557 p.
361 2518 403 2549 35
428 2517 546 2557 probat
562 2517 678 2548 Ritteri
701 2517 914 2548 mutationem
920 2518 1063 2557 primore
1071 2529 1086 2557 ,-

217 2579 251 2605 at
291 2574 368 2605 vide
402 2574 502 2606 Silius
538 2576 591 2611 11,
627 2575 690 2605 143
723 2574 785 2604 Hie
820 2583 915 2614 super
947 2575 1084 2605 excusam

1121 2365 1163 2370 —
1178 2351 1246 2377 tota
1267 2346 1368 2387 nocte]
1391 2347 1453 2377 hoc
1478 2345 1585 2385 ipsum
1603 2346 1768 2385 proelium
1791 2350 1989 2377 nocturnum

1120 2403 1297 2443 significari
1321 2413 1341 2434 a
1365 2402 1478 2434 Curtio
1506 2405 1557 2441 10,
1584 2405 1615 2441 9,
1643 2405 1663 2435 3
1688 2403 1813 2442 primus
1836 2403 1989 2442 opinatus

1120 2464 1170 2492 est
1192 2460 1385 2500 Rutgersius
1410 2460 1488 2492 Var.
1514 2460 1618 2492 Lectt.
1649 2462 1679 2499 1,
1705 2462 1783 2501 19.;
1821 2460 1879 2491 sed
1914 2460 1989 2490 vide

1121 2517 1255 2549 Miitzell
1278 2518 1304 2549 1.
1330 2527 1361 2557 p.
1380 2516 1485 2548 LXX.
1510 2535 1555 2540 —
1579 2517 1639 2555 his,
1661 2526 1772 2548 nau-m
1796 2515 1877 2560 illis]
1904 2527 1933 2547 c.
1945 2519 1988 2549 83

1120 2575 1187 2613 hos,
1211 2584 1323 2605 meus
1345 2574 1420 2605 aloa
1459 2575 1499 2605 cf.
1523 2575 1653 2614 Drdyer
1677 2574 1768 2615 Synt.
1796 2575 1815 2614 ξ
1842 2575 1916 2605 125.
1945 2591 1988 2596 —

211 2631 351 2671 pre'rnori
374 2632 481 2662 Marco
505 2631 679 2671 &quntum
704 2634 736 2662 et
755 2630 882 2662 Gellius
909 2632 961 2670 10,
992 2634 1043 2670 19,
1062 2635 1082 2664 3
1115 2631 1277 2671 primipai
1314 2631 1467 2672 aenan-io]
1507 2641 1582 2662 nam
1618 2632 1652 2662 in
1684 2632 1754 2662 eius
1789 2630 1988 2662 centurionis

217 2689 581 2729 eupmovipuerma.

1121 2689 1269 2720 custodia
1301 2688 1423 2728 aquila.
1468 2698 1528 2728 ego
1564 2689 1605 2720 de
1638 2689 1736 2719 milit.
1770 2689 1863 2719 Rom.
1899 2690 1930 2727 2,
1956 2691 1987 2720 8.

261 2748 317 2778 22.
352 2745 472 2786 alym-e]
506 2747 691 2777 referuntur
726 2745 806 2776 haec
840 2746 882 2775 ad
914 2750 1085 2776 exeuntem
1120 2746 1216 2777 Ln’s.
1242 2746 1356 2785 Veget.
1383 2748 1414 2784 2,
1443 2748 1486 2777 8:
1511 2745 1650 2776 cmm-io
1667 2746 1833 2786 primipili
1852 2755 1916 2776 non
1940 2755 1988 2777 ao—

216 2813 362 2835 mensem
386 2802 572 2834 Octobrem.
606 2803 645 2833 cs.
684 2811 712 2833 c.
739 2803 792 2834 37.
818 2819 862 2825 -—
886 2802 972 2832 ratio
1001 2799 1083 2845 fuit]
1119 2803 1182 2834 lum
1212 2803 1340 2841 ‹tq-aihu
1369 2807 1533 2842 praeerat,
1568 2812 1675 2833 verum
1708 2803 1802 2833 etiam
1840 2806 1990 2842 quattuor

215 2861 280 2892 hoc
301 2860 487 2891 faciendum
511 2864 592 2899 erat,
618 2859 645 2890 si
670 2869 709 2890 ex
734 2859 858 2890 ratione
882 2868 991 2890 rerum
1008 2868 1085 2898 pru·
1121 2860 1293 2898 centur-221⁸,
1332 2860 1391 2890 hoc
1425 2864 1480 2898 est,
1516 2860 1762 2899 quadrasqentos
1795 2860 1920 2899 milites,
1954 2860 1989 2891 in

217 2918 331 2949 denter
355 2927 452 2958 agere
477 2917 587 2948 vellet.
619 2917 756 2946 Dnnnu.
782 2934 826 2939 —-
850 2916 992 2947 dextrum
1017 2926 1085 2947 suo-
1114 2916 1225 2956 prn'ma
1248 2917 1318 2947 acie
1341 2915 1544 2955 yubemabat.
1580 2917 1653 2947 Val.
1681 2917 1768 2948 Max.
1807 2920 1837 2956 1,
1863 2919 1896 2956 6,
1922 2919 1987 2948 11:

216 2985 288 3006 rma
310 2974 419 3016 cor-rm]
443 2984 571 3006 morum
595 2974 737 3011 additur,
762 2977 797 3004 ut
821 2974 901 3004 haec
926 2974 966 3004 de
984 2973 1084 3003 Vitel-
1119 2974 1302 3013 aquilonem
1326 2973 1431 3005 altera
1465 2974 1520 3004 vix
1541 2973 1675 3004 convelli
1694 2983 1717 3004 a
1734 2974 1911 3015 praa-opilo
1928 2983 1988 3014 po-

218 3031 309 3062 liana
332 3032 401 3062 acie
425 3031 570 3064 strictius
594 3034 803 3070 opponantur
826 3030 927 3070 priori
953 3030 1085 3061 Flavia-

1122 3031 1204 3072 tuit3
1235 3031 1268 3061 111
1292 3032 1402 3071 igitur,
1427 3040 1500 3062 cum
1525 3031 1670 3070 legiones
1694 3031 1729 3062 in
1754 3040 1791 3062 eo
1817 3036 1919 3071 erant,
1953 3036 1989 3062 ut

220 3096 336 3118 narum
359 3088 501 3128 partium
525 3088 747 3128 descriptioni.
784 3097 859 3118 nam
884 3087 1029 3118 dextr-um
1053 3091 1085 3118 et
1120 3088 1344 3128 procederent,
1368 3088 1496 3127 aquilas
1521 3087 1752 3119 convellebant
1775 3092 1873 3127 atque
1897 3089 1987 3127 aqui-

218 3143 342 3175 laevum
365 3145 452 3184 apud
469 3145 662 3176 Vitellianos
686 3145 776 3176 aliud
801 3144 862 3175 mit
881 3154 977 3183 quam
998 3144 1084 3184 apud

219 3200 407 3231 Flavianos.
443 3211 543 3241 quare
581 3203 645 3233 iam
681 3207 797 3241 quarta
828 3202 910 3232 Mac.
945 3201 1085 3232 debebat

220 3257 282 3288 diei
307 3257 424 3288 dextro
455 3267 582 3289 mor-mn
615 3269 716 3290 cornu
742 3260 858 3290 locata.
899 3263 1084 3289 accuratum

220 3314 412 3354 scriptorem
433 3323 603 3354 cognosce.
628 3316 774 3346 Wavrn.
793 3333 833 3338 —
851 3315 996 3356 Rapaces
1013 3315 1086 3356 cet]

219 3371 280 3402 bae
305 3370 388 3401 duae
411 3370 556 3411 legiones
580 3372 693 3404 eodem
719 3373 771 3404 die
789 3382 940 3412 magnam
959 3372 1085 3403 cladem

1122 3145 1225 3177 liseria
1250 3145 1433 3176 tradebant.
1474 3144 1598 3176 fallitur
1632 3145 1787 3176 videlicet
1810 3146 1987 3177 Fabrettus

1122 3201 1193 3233 Col.
1219 3201 1307 3232 Trai.
1343 3211 1369 3233 c.
1398 3204 1428 3233 7.
1461 3211 1492 3241 p.
1522 3203 1595 3234 188.
1630 3202 1780 3241 opinatus
1804 3202 1987 3242 primipilos

1122 3258 1222 3290 ruisse
1247 3259 1378 3290 eosdem
1403 3258 1602 3297 aquiliferos.
1629 3258 1698 3289 fieri
1723 3258 1810 3290 enim
1833 3269 1899 3290 non
1916 3263 1988 3299 pot·

1122 3319 1211 3352 erat,
1254 3318 1289 3345 ut
1324 3315 1508 3355 primipilus
1550 3324 1685 3355 gravem
1718 3315 1810 3346 illam
1844 3316 1987 3355 aquilam

1122 3381 1250 3402 aeream
1275 3372 1457 3402 inauratam
1482 3373 1584 3403 altero
1602 3376 1674 3403 utro
1691 3372 1826 3403 brachio
1846 3376 1989 3411 gestaret

220 3437 337 3467 passae
362 3431 456 3459 erant
478 3437 507 3460 c.
531 3430 607 3470 18.;
631 3429 707 3460 hinc
732 3430 865 3468 factum,
891 3434 925 3460 ut
943 3434 1087 3461 conster-
1120 3429 1281 3467 simulque
1303 3429 1422 3460 milites
1446 3437 1522 3460 suos
1547 3433 1682 3460 curaret.

311 3485 442 3517 Tacitus
466 3485 529 3517 111.

1728 3488 1779 3525 27
