2176 3672
696 323 868 366 LIBER
899 323 954 366 11.
1013 322 1113 376 Cap.
1145 322 1211 365 89.
1243 321 1309 365 90.
1341 322 1407 365 91.
1438 322 1504 365 92.
1908 321 1987 365 381

222 438 359 482 omnis
386 437 560 481 humani
589 437 805 492 divinique
834 437 941 481 iuris
969 450 1133 492 expers,
1163 437 1258 491 pari
1287 436 1558 490 libertorum,
1588 438 1819 481 amicorum
1848 449 1989 480 socor-

221 517 451 577 dia-velut
477 518 592 562 inter
619 518 871 562 temulentos
902 517 1066 572 agebat.
1111 518 1187 561 sed
1207 518 1378 561 comitia
1397 517 1615 561 consulum
1637 530 1732 561 cum
1752 518 1990 573 candidatis

223 597 403 642 civiliter
422 598 639 642 celebrans
668 611 833 642 omnem
863 597 1032 642 infimae
1061 598 1197 653 plebis
1229 611 1440 642 rumorem
1470 599 1514 642 in
1545 599 1715 642 theatro
1745 601 1795 641 ut
1824 602 1989 653 specta-

223 681 309 732 tor,
349 678 393 722 in
423 678 533 722 circo
570 682 619 722 ut
647 678 790 722 fautor
826 677 1068 722 adfectavit.
1118 691 1228 733 quae
1258 682 1380 732 grata
1409 691 1511 722 sane
1541 683 1584 722 et
1613 678 1858 733 popularia,
1899 679 1936 723 si
1965 692 1991 722 a

221 758 453 802 virtutibus
491 757 878 814 proficiscerentur,
922 759 1124 802 memoria
1153 759 1267 802 vitae
1295 759 1451 813 prioris
1490 759 1688 803 indecora
1717 763 1762 803 et
1790 759 1892 803 vilia
1922 771 1990 803 ac·
2027 771 2046 800 5

222 838 498 893 cipiebantur.
540 838 778 883 ventitabat
807 839 851 882 in
882 842 1096 892 senatum,
1139 840 1267 882 etiam
1297 851 1392 883 cum
1422 840 1568 893 parvis
1598 841 1650 882 de
1679 839 1807 883 rebus
1844 843 1991 894 patres

222 918 550 963 consulerentur.
609 931 660 962 ac
700 918 811 962 forte
856 918 1028 962 Priscus
1069 919 1293 963 Helvidius
1336 923 1510 974 praetor
1553 920 1800 974 designatus
1843 923 1991 963 contra

221 999 411 1044 studium
450 999 541 1042 eius
581 1002 814 1043 censuerat.
865 1002 1097 1043 commotus
1137 1000 1274 1054 primo
1314 999 1533 1053 Vitellius,
1575 1013 1657 1042 non
1699 1003 1840 1043 tamen
1879 1000 1992 1043 ultra

221 1091 350 1134 quam
390 1078 582 1123 tribunos
621 1079 757 1134 plebis
799 1081 843 1123 in
882 1080 1087 1124 auxilium
1126 1084 1297 1135 spretae
1340 1081 1567 1135 potestatis
1607 1081 1850 1134 advocavit3
1894 1094 1991 1124 mox

222 1159 516 1215 mitigantibus
547 1160 706 1214 amicis,
738 1161 810 1215 qui
841 1160 1034 1204 altiorem
1065 1161 1326 1204 iracundiam
1355 1161 1447 1204 eius
1468 1161 1735 1215 verebantur,
1764 1161 1870 1204 nihil
1891 1161 1990 1204 novi
2007 1171 2047 1201 ιο

222 1239 428 1284 accidisse
456 1241 697 1295 respondit,
728 1242 842 1296 quod
872 1242 956 1284 duo
987 1244 1205 1285 senatores
1233 1241 1276 1284 in
1307 1254 1355 1284 re
1384 1241 1553 1296 publica
1583 1242 1880 1295 dissentirent3
1922 1254 1989 1284 so—

220 1319 344 1364 litum
385 1333 432 1364 se
471 1321 600 1365 etiam
640 1321 853 1366 Thraseae
894 1322 1190 1366 contradicere.
1250 1322 1427 1365 inrisere
1467 1322 1660 1377 plerique
1699 1322 1990 1376 inpudentiam

222 1400 537 1454 aemulationis3
568 1401 663 1445 aliis
692 1402 739 1445 id
767 1402 907 1456 ipsum
936 1401 1144 1456 placebat,
1175 1403 1290 1457 quod
1318 1402 1528 1446 neminem
1551 1416 1603 1446 ex
1626 1402 1988 1457 praepotentibus,

221 1481 298 1524 sed
327 1480 560 1525 Thraseam
600 1483 655 1524 ad
685 1482 901 1537 exemplar
939 1495 1065 1526 verae
1105 1482 1265 1536 gloriae
1303 1483 1488 1536 legisset.
1548 1483 1642 1537 (92)
1682 1487 1990 1538 praeposuerat

218 1562 499 1616 praetorianis
528 1562 759 1606 Publilium
790 1562 991 1606 Sabinum
1021 1576 1047 1606 a
1076 1562 1346 1618 praefectura
1375 1563 1574 1617 cohortis,
1604 1563 1762 1607 Iulium
1790 1563 1985 1607 Priscum
2005 1575 2044 1604 15

220 1645 311 1686 tum
340 1642 649 1686 centurionem:
691 1643 862 1686 Priscus
891 1643 1104 1697 Valentis,
1135 1643 1316 1687 Sabinus
1347 1643 1554 1688 Caecinae
1583 1645 1724 1699 gratia
1752 1644 1987 1698 pollebant;

219 1723 332 1768 inter
375 1723 591 1768 discordes
629 1723 804 1767 Vitellio
847 1723 952 1767 nihil
996 1724 1274 1768 auctoritatis.
1325 1725 1470 1768 munia
1512 1725 1679 1779 imperii
1719 1724 1900 1768 Caecina
1938 1736 1988 1767 ac

314 1886 331 1916 1
369 1882 452 1916 on‘iis
543 1884 786 1924 amicorumque
817 1884 877 1916 det.
971 1884 1027 1928 415
1058 1886 1210 1926 populari
1242 1896 1322 1927 asya
1353 1886 1527 1918 uirtutibus
1620 1888 1639 1918 5
1672 1886 1830 1918 memoria
1859 1896 1898 1916 ea:
1922 1896 1987 1917 me-

222 1929 325 1970 morie
349 1939 431 1962 corr.
460 1932 510 1961 lm
603 1933 621 1963 7
647 1932 895 1962 consularentur
989 1934 1030 1963 10
1054 1932 1154 1963 nichil
1249 1934 1289 1963 11
1316 1942 1370 1963 re.
1389 1942 1421 1972 p.
1517 1934 1559 1964 14
1583 1933 1717 1972 eprlar
1739 1942 1778 1963 ez
1793 1933 1889 1971 explfi
1914 1930 1986 1973 (sic)

220 1986 302 2006 corr.
329 1976 379 2006 lm
471 1985 548 2007 uere
641 1978 683 2009 15
707 1977 886 2008 Publilium
910 1977 1009 2008 Halm
1032 1978 1085 2017 (ex
1102 1981 1132 2015 3,
1152 1979 1227 2019 36);
1250 1978 1397 2018 publium
1487 1988 1507 2009 a
1532 1979 1714 2009 Mercerus:
1737 1979 1778 2009 ad
1802 1978 1857 2020 (ab
1875 1977 1987 2017 Rider)

223 2022 264 2053 16
298 2024 366 2053 tum
390 2022 611 2054 centurionem
645 2022 796 2063 Lipsius:
829 2023 872 2054 dii
895 2024 1042 2054 centurio
1066 2025 1086 2055 8·
1109 2024 1204 2065 (011111
1228 2025 1433 2056 centuriones
1458 2022 1515 2064 b²)
1607 2024 1716 2064 8881118
1811 2026 1850 2056 17
1886 2024 1986 2055 nichil

222 2205 335 2238 deinde
349 2205 397 2238 ad
413 2205 521 2236 Aliam
540 2216 609 2237 cum
624 2205 719 2237 exitio
741 2205 830 2238 urbis
843 2206 944 2246 foede
960 2217 1085 2247 puy-na-
1120 2207 1153 2238 in
1178 2210 1302 2239 senatu.
1351 2207 1446 2247 Quod
1470 2207 1637 2248 sequitur,
1673 2207 1920 2239 delinimentum
1944 2209 1986 2239 ad

219 2267 304 2303 tum,
339 2275 362 2295 a
378 2262 558 2304 posteriore
580 2263 671 2294 clade.
695 2262 858 2295 Aliensem
880 2264 1084 2304 appellarunt
1119 2263 1249 2304 plebem
1273 2267 1322 2295 est
1346 2268 1378 2296 et
1401 2274 1421 2295 a
1443 2265 1660 2304 praecedente
1693 2265 1801 2296 differt
1834 2268 1901 2296 toto
1929 2275 1984 2305 ge-

220 2321 431 2362 &capuamque
470 2321 519 2351 rei
553 2321 669 2352 nullius
710 2320 837 2361 publice
870 2321 1085 2361 privatimque
1120 2330 1206 2352 nere.
1233 2319 1343 2353 GRON.
1392 2321 1562 2361 Quomodo
1586 2322 1648 2353 hac
1672 2322 1705 2353 111
1730 2332 1765 2353 18
1788 2332 1823 2353 se
1847 2323 1985 2362 gesserit

219 2377 361 2418 aqendae
377 2376 531 2417 focerunt.
574 2378 613 2408 de
637 2378 689 2409 die
713 2377 919 2410 Cremerensi
944 2377 1084 2409 Ovidius
1120 2377 1298 2415 Traianus,
1325 2379 1459 2418 exponit
1481 2380 1564 2410 Plin.
1590 2380 1627 2411 P.
1654 2381 1715 2411 ⁷⁶1:
1752 2379 1817 2410 Iter
1841 2379 1893 2410 illi
1914 2389 1983 2410 sae-

219 2435 294 2468 fast.
310 2436 344 2466 11
369 2437 433 2468 193
450 2445 521 2474 sqq.
541 2435 721 2476 discrepat3
747 2435 786 2466 cf.
803 2435 972 2467 Hermann
989 2436 1084 2467 Peter
1114 2435 1190 2474 pius
1222 2435 1255 2466 in
1279 2435 1410 2475 forum,
1439 2435 1626 2476 frequenter
1656 2441 1760 2467 tamen
1781 2440 1811 2467 et
1834 2437 1867 2467 in
1891 2435 1982 2467 Gam-

218 2493 261 2525 ad
283 2493 315 2524 h.
334 2493 355 2524 l.
382 2510 425 2516 -
449 2492 529 2523 iuris
546 2489 668 2535 expers]
693 2494 727 2522 111
751 2501 791 2522 118
815 2492 1083 2524 infaustissimum

219 2550 351 2590 quidem
382 2549 508 2581 dierum
542 2552 574 2580 et
602 2548 731 2588 publice
765 2549 927 2580 nefastum
961 2553 1080 2581 nosset.

219 2608 357 2639 nunna.
404 2607 445 2640 cf.
471 2606 558 2638 Suet.
582 2606 648 2637 Vit.
678 2608 736 2637 11:
775 2606 876 2645 maqis
910 2606 1021 2637 deinde
1043 2617 1084 2637 ac

218 2664 321 2704 maqis
357 2663 442 2695 omni
477 2663 583 2694 divino
617 2663 814 2703 humanoque
846 2662 914 2694 iure
947 2663 1084 2702 neglecto

219 2720 357 2753 Alliensi
387 2721 438 2752 die
463 2721 685 2761 pontificatum
715 2720 885 2751 maximum
916 2720 1006 2760 cepit.
1039 2738 1081 2744 ——-

216 2777 408 2817 libertorum,
433 2778 616 2819 amicorum]
640 2772 822 2812 ἀσύνδετον
846 2777 931 2809 Μ811.
958 2780 1081 2808 tautum

219 2835 332 2874 abest,
368 2838 404 2867 ut
427 2836 592 2875 offendat,
630 2839 665 2866 ut
688 2835 729 2866 sit
753 2835 915 2866 efficacius
940 2835 1081 2874 interpo-

221 2893 342 2924 latione
379 2892 562 2924 libertorum
595 2893 838 2931 amicorumque.
955 2892 1082 2922 comitia

220 2948 394 2994 cannabum]
429 2960 502 2982 cum
534 2950 601 2982 suis
626 2950 806 2982 candidatis
833 2949 1026 2981 circumiens
1050 2952 1081 2980 et

219 3015 378 3047 prensans
401 3011 530 3048 patres,
568 3018 670 3048 penes
694 3017 776 3047 quos
799 3010 868 3037 tum
892 3009 961 3037 erat
984 3006 1080 3037 comi—

220 3063 340 3095 tiorum
379 3065 513 3104 species.
571 3066 622 3096 De
654 3064 796 3095 Traiano
832 3063 916 3094 Plin.
955 3063 991 3093 P.
1018 3063 1078 3094 71:

220 3129 324 3152 omnes
347 3121 502 3152 comitatis
525 3131 670 3153 numeros
692 3121 825 3161 obibas;
858 3125 951 3160 atque
975 3121 1078 3159 eciam,

220 3187 290 3208 cum
313 3178 558 3217 affraqatorum
589 3180 719 3210 nomina
750 3178 866 3210 honore
899 3187 960 3217 quo
983 3177 1080 3208 solent

219 3234 452 3274 exciperenwr‚
486 3238 520 3266 tu
542 3245 661 3275 quoque.
684 3236 766 3267 inter
788 3236 975 3276 excipientes
1007 3244 1079 3265 eras

220 3294 249 3322 et
281 3300 320 3322 ex
355 3300 408 3323 ore
438 3292 598 3332 principia
631 3293 685 3325 ille
719 3294 897 3324 senatorius
931 3302 1078 3323 assensus

220 3347 418 3379 audiebatur.
463 3349 536 3380 Hoc
559 3353 608 3382 est
632 3350 765 3382 civiliter
796 3360 864 3381 mem
896 3349 1097 3389 candidatis,

218 3405 347 3438 comitia
379 3405 544 3438 celebrare.
590 3407 633 3439 Et
661 3408 708 3439 sic
731 3408 869 3447 gratiam
903 3396 1098 3447 quaerebati

1113 2502 1201 2532 pum.
1249 2492 1335 2524 Nam
1360 2493 1486 2524 comitia
1503 2494 1662 2524 consulum
1678 2493 1783 2525 obibat
1806 2494 1892 2533 ipae:
1914 2498 1982 2525 tan-

1117 2555 1181 2581 tum
1205 2559 1242 2580 ea:
1263 2551 1492 2583 renuntiatione
1516 2560 1622 2582 eorum
1646 2552 1693 2591 (in
1710 2551 1834 2590 Campo
1850 2549 1983 2592 Martio)

1118 2607 1298 2647 voluptatis,
1323 2612 1472 2647 quantum
1490 2608 1583 2647 prius
1600 2617 1638 2638 ex
1654 2607 1861 2639 ἀισείγιαεὶοπε
1884 2606 1981 2650 (quae

1118 2664 1151 2695 in
1184 2667 1300 2696 senatu
1333 2663 1442 2708 fiebat)
1479 2663 1635 2705 capiebat.
1682 2664 1832 2696 Ceterum
1868 2665 1980 2695 talium

1117 2731 1225 2753 rerum
1259 2721 1411 2753 studiosis
1443 2722 1622 2753 notandum
1656 2725 1705 2753 est
1737 2731 1793 2752 sex
1827 2722 1980 2761 deinceps

1116 2778 1277 2810 vocabula
1301 2778 1429 2809 comitia
1454 2796 1495 2802 —
1522 2778 1683 2810 celebrans
1717 2788 1774 2818 per
1798 2778 1938 2810 litteram
1962 2789 1980 2810 8

1115 2835 1267 2875 incipere.
1294 2853 1337 2859 —
1360 2836 1487 2867 hiacus
1505 2835 1683 2876 Helvidius]
1708 2836 1747 2867 cf.
1767 2838 1798 2874 4,
1816 2836 1915 2867 4·-6.
1933 2853 1977 2859 -—

1116 2903 1177 2924 non
1200 2898 1303 2924 tamen
1335 2892 1421 2923 ultra
1445 2902 1540 2931 quam
1564 2910 1606 2916 —
1630 2890 1812 2935 advocavit]
1849 2892 1889 2924 de
1919 2892 1979 2924 hac

1116 2950 1224 2990 ellipsi
1249 2951 1289 2981 cf.
1315 2951 1442 2990 Draqer
1464 2949 1555 2989 Synt.
1581 2950 1601 2990 ξ
1627 2950 1700 2981 1⁷4.
1726 2966 1771 2972 —
1805 2948 1866 2979 duo
1890 2958 1979 2980 sena·

1115 3007 1208 3047 tores]
1246 3007 1319 3038 ficta
1352 3006 1529 3045 modestia,
1566 3006 1658 3045 quasi
1695 3006 1765 3046 ipse
1790 3006 1870 3037 nihil
1895 3010 1980 3038 esset

1116 3064 1178 3095 nisi
1196 3064 1346 3104 princeps
1364 3068 1498 3094 uenatus.
1523 3063 1659 3094 Dureau.
1676 3082 1719 3086 —-
1743 3062 1977 3106 aemulationis]

1114 3130 1186 3151 cum
1211 3121 1376 3159 Thrasea,
1400 3121 1512 3151 virtute
1534 3120 1607 3160 ipsa
1631 3120 1715 3151 Ann.
1743 3121 1796 3159 18,
1821 3122 1860 3152 21
1887 3130 1978 3160 seqq.

1115 3178 1259 3209 Thrasea
1284 3178 1316 3208 in
1341 3180 1481 3208 mentem
1504 3180 1572 3208 tum
1591 3176 1721 3208 venisse
1737 3177 1876 3215 videtur,
1902 3178 1978 3217 quia

1114 3244 1214 3275 gener
1231 3234 1300 3266 eius
1318 3237 1387 3266 erat
1403 3234 1588 3272 Helvidius,
1614 3234 1668 3273 qui
1693 3234 1738 3265 sic
1763 3234 1826 3265 sibi
1850 3238 1976 3266 contra-

1114 3292 1248 3329 diceret,
1275 3295 1309 3322 ut
1333 3291 1403 3331 ipse
1428 3291 1506 3322 olim
1532 3290 1706 3323 Thraseae.
1734 3291 1870 3322 Dux-:nm
1911 3292 1975 3322 Dio

1115 3350 1167 3387 65,
1194 3349 1222 3379 7.

1160 3406 1214 3437 92.
1261 3416 1283 3436 a
1301 3403 1511 3446 praefectura
1534 3403 1683 3450 cohortis]
1718 3404 1773 3444 qui
1809 3403 1976 3437 dumtaxat
