2176 3672
654 242 826 286 LIBER
854 243 926 286 IV.
985 245 1082 299 Cap.
1114 245 1181 289 25.
1212 247 1279 292 26.
1311 247 1378 293 27.
1410 249 1478 293 28.
1868 253 1948 298 481

180 351 459 408 vallandoque
507 360 550 399 et
591 358 744 401 ceteris
798 356 899 401 belli
939 359 1251 405 meditamentis
1301 364 1477 408 militem
1518 363 1756 411 firmabant.
1827 372 1958 423 utque

180 433 341 487 praeda
379 432 433 476 ad
462 435 661 480 virtutem
703 439 1020 490 accenderetur,
1050 440 1093 482 in
1138 443 1354 494 proximos
1368 475 1370 477 ψ
1385 442 1674 499 Cugernorum
1706 459 1854 502 pagos,
1885 449 1958 503 qui

181 512 426 556 societatem
467 514 619 561 Civilis
663 522 938 571 acceperant,
981 519 1135 563 ductus
1173 535 1202 563 a
1243 522 1406 566 Vocula
1443 526 1676 578 exercitus;
1718 539 1819 581 pars
1863 540 1958 571 cum

180 588 400 636 Herennio
421 593 545 638 Gallo
566 598 785 640 remansit.
826 597 916 652 (27)
937 597 1050 642 forte
1071 612 1222 644 navem
1242 601 1357 645 haud
1386 605 1534 656 procul
1564 606 1716 649 castris
1746 606 1958 652 frumento

181 683 368 727 gravem,
409 686 504 718 cum
545 689 622 729 per
665 678 776 720 vada
815 677 1038 732 haesisset,
1082 679 1284 724 Germani
1325 683 1367 725 in
1399 695 1519 726 suam
1549 685 1685 738 ripam
1715 686 1956 732 trahebant.
1972 694 1992 724 ⁵

182 763 265 795 non
308 753 408 796 tulit
437 754 584 798 Gallus
623 757 820 812 misitque
857 757 1047 801 subsidio
1085 760 1313 805 cohortem.
1373 767 1524 806 auctus
1563 768 1609 807 et
1651 764 1958 810 Germanorum

182 844 382 876 numerus
402 835 695 891 paulatimque
716 838 1047 892 adgregantibus
1079 851 1124 882 se
1154 840 1324 884 auxiliis
1355 842 1446 885 acie
1477 847 1698 887 certatum.
1756 845 1960 891 Germani

182 912 318 955 multa
366 926 460 957 cum
509 919 653 971 strage
694 921 935 960 nostrorum
978 931 1127 961 navem
1168 919 1397 975 abripiunt.
1464 923 1591 977 victi,
1634 926 1746 979 quod
1787 930 1877 969 tum
1915 928 1959 970 in

183 1004 342 1036 morem
371 999 572 1049 verterat,
613 1009 696 1040 non
732 1010 852 1040 suam
881 998 1092 1052 ignaviam
1137 1001 1213 1043 sed
1263 1001 1484 1052 perfidiam
1534 1003 1666 1058 legati
1718 1005 1960 1060 culpabant·

183 1077 446 1127 protractum
468 1088 492 1118 e
512 1077 712 1131 tentorio,
743 1078 877 1121 scissa
897 1083 1029 1131 veste,
1059 1079 1281 1124 verberato
1302 1093 1493 1135 corpore,
1523 1095 1607 1137 quo
1626 1085 1777 1139 pretio,
1809 1086 1960 1141 quibus
1974 1096 2017 1126 10

183 1154 364 1198 consciis
386 1156 644 1209 prodidisset
664 1159 909 1211 exercitum,
929 1159 1071 1202 dicere
1092 1159 1250 1204 iubent.
1281 1162 1394 1204 redit
1413 1162 1455 1204 in
1472 1163 1763 1208 Hordeonium
1779 1166 1957 1210 invidia:

184 1233 302 1278 illum
332 1239 549 1279 auctorem
580 1237 765 1290 sceleris,
795 1238 908 1282 hunc
939 1239 1180 1282 ministrum
1210 1246 1375 1294 vocant,
1406 1243 1542 1286 donec
1561 1245 1736 1287 exitium
1757 1246 1958 1290 minitan-

183 1314 298 1358 tibus
317 1317 547 1360 exterritus
567 1319 850 1370 proditionem
871 1324 916 1362 et
934 1321 1027 1374 ipse
1042 1320 1288 1364 Hordeonio
1312 1322 1487 1377 obiecit;
1508 1324 1759 1380 vinctusque
1774 1327 1960 1370 adventu

183 1396 350 1439 demum
381 1396 568 1441 Voculae
597 1398 819 1441 exolvitur.
879 1401 916 1443 is
946 1404 1119 1454 postera
1149 1402 1219 1445 die
1250 1408 1446 1446 auctores
1476 1405 1698 1448 seditionis
1729 1411 1862 1450 morte
1884 1408 1959 1450 ad-

183 1475 308 1520 fecit:
340 1480 463 1519 tanta
492 1477 555 1520 illi
585 1479 788 1522 exercitui
818 1480 1045 1524 diversitas
1076 1482 1216 1525 inerat
1244 1483 1441 1526 licentiae
1470 1485 1800 1540 patientiaeque.
1845 1487 1960 1530 haud
1976 1495 2016 1524 1⁵

186 1555 314 1599 dubie
343 1559 564 1612 gregarius
594 1559 716 1603 miles
750 1560 924 1604 Vitellio
955 1560 1078 1615 fidus,
1119 1562 1486 1617 splendidissimus
1516 1565 1692 1620 quisque
1722 1567 1766 1608 in
1796 1567 1959 1621 Vespa-

184 1638 351 1681 sianum
380 1639 516 1692 proni.
576 1640 677 1683 inde
706 1640 913 1684 scelerum
944 1654 994 1685 ac
1024 1643 1326 1696 suppliciorum
1347 1645 1461 1687 vices
1491 1650 1535 1688 et
1564 1645 1723 1690 mixtus
1754 1647 1957 1702 obsequio

183 1716 314 1771 furor,
344 1721 394 1761 ut
423 1719 631 1764 contineri
661 1734 745 1764 non
775 1726 962 1776 possent,
994 1723 1068 1777 qui
1096 1725 1238 1777 puniri
1267 1728 1478 1778 poterant.

300 1797 392 1853 (28)
424 1802 483 1843 At
512 1800 688 1844 Civilem
729 1802 932 1845 inmensis
973 1804 1168 1847 auctibus
1208 1806 1413 1848 universa
1442 1804 1673 1849 Germania
1717 1807 1958 1862 extollebat,

185 1880 394 1924 societate
414 1881 688 1925 nobilissimis
718 1883 912 1926 obsidum
933 1882 1116 1927 firmata.
1161 1885 1244 1937 ille,
1275 1889 1323 1928 ut
1345 1886 1497 1940 cuique
1516 1887 1766 1940 proximum,
1798 1890 1959 1932 vastari
1973 1901 2017 1931 20

186 1959 317 2004 Ubios
347 1961 643 2017 Trevirosque‚
674 1968 718 2006 et
746 1964 873 2006 aliam
917 1977 1085 2008 manum
1117 1966 1280 2008 Mosam
1321 1978 1487 2009 amnem
1518 1967 1702 2010 transire
1736 1967 1867 2020 iubet,
1912 1973 1960 2011 ut

186 2041 407 2096 Menapios
437 2047 481 2086 et
511 2042 700 2087 Morinos
740 2048 784 2087 et
825 2049 1017 2088 extrema
1047 2044 1280 2088 Galliarum
1312 2051 1520 2100 quateret.
1581 2052 1703 2090 actae
1734 2047 1959 2102 utrobique

325 2194 344 2223 2
386 2193 611 2233 Cugernorum
635 2195 837 2235 Nipperdey:
870 2205 1090 2234 gugernorum
1115 2196 1274 2235 (Cugerni
1298 2196 1398 2227 codex
1421 2197 1454 2234 5,
1482 2198 1522 2228 16
1546 2200 1575 2227 et
1597 2196 1684 2227 muli
1704 2196 1832 2228 Henzen
1856 2198 1956 2229 5442.

188 2237 287 2270 6726.
328 2237 480 2271 WHmam
506 2238 619 2282 1534.)
734 2243 754 2272 3
779 2251 799 2271 a
822 2241 901 2273 aad.
926 2242 1022 2272 deta:
1045 2251 1106 2274 om.
1131 2242 1289 2279 (Voculae
1316 2242 1485 2281 Agricola)
1593 2245 1614 2274 4
1639 2243 1796 2273 remansit
1819 2243 1956 2282 Nipper-

188 2282 270 2323 dey.-
303 2287 484 2326 permansit
576 2288 597 2318 8
634 2287 794 2326 arripiunt
826 2288 923 2329 (corr.
951 2287 1027 2326 lm.)
1119 2285 1173 2329 819
1205 2287 1350 2318 ῐιῑῐιῃοῐδ
1443 2290 1485 2319 10
1514 2288 1582 2328 ᾗιὶο
1677 2289 1718 2319 13
1748 2288 1898 2329 uictusq3
1922 2289 1958 2331 (n

186 2339 344 2371 uper-m.
371 2331 447 2376 lm.)
567 2333 608 2362 15
633 2333 832 2372 patientieq;
946 2336 985 2365 16
1012 2332 1110 2372 dubie
1218 2334 1448 2373 splendissim;
1566 2335 1606 2365 21
1634 2333 1690 2364 ubi
1714 2338 1800 2364 ostro
1824 2335 1959 2375 uirosq3

187 2376 286 2408 aliam
310 2387 444 2410 manum
467 2379 688 2409 stein-aheim:
710 2379 776 2424 alja
800 2388 899 2410 manu
993 2379 1124 2410 transiri
1148 2389 1187 2410 cz
1210 2379 1351 2410 transire
1376 2388 1459 2410 corr.
1487 2381 1549 2411 lm.

185 2534 230 2540 —
261 2516 503 2559 maican-emis]
537 2517 854 2557 praeparationibus,
878 2517 1056 2555 exercitiis,

186 2577 222 2605 ut
251 2575 283 2613 3,
319 2576 338 2604 2
375 2574 577 2606 meditatione
612 2574 692 2605 belli.
733 2592 776 2597 -—
827 2571 1052 2616 Ouyernomm]

1090 2517 1177 2548 Plin.
1203 2519 1236 2555 4,
1262 2519 1303 2548 79
1328 2516 1466 2548 ιἠηιωιεο
1490 2526 1649 2556 aquas-mn
1672 2521 1768 2547 auem
1784 2533 1827 2540 -
1848 2516 1959 2547 Hister

1090 2591 1133 2598 —
1167 2575 1201 2605 in
1223 2574 1355 2605 Pmoeum
1377 2574 1478 2604 nautis
1508 2583 1564 2605 sex
1592 2573 1773 2612 fluminibus
1794 2572 1956 2605 evolvant.

184 2631 272 2663 Plin.
306 2633 341 2671 4,
368 2634 431 2664 106
463 2630 603 2662 Rhenum
635 2636 738 2662 autem
769 2631 944 2662 accolentes
977 2631 1054 2662 Ger-

183 2689 310 2720 maniae
324 2689 460 2728 vantium
475 2707 515 2712 —
526 2689 560 2719 in
577 2687 651 2720 Ubis
664 2689 789 2720 colonia
804 2687 1055 2728 Aqnppimnsis.

188 2746 330 2778 &uber-ni
345 2745 432 2786 (sie),
454 2747 587 2778 Batavi.
613 2747 652 2777 cf.
671 2747 783 2783 Zeuss,
802 2745 863 2776 Dio
883 2746 1055 2776 Deutschen

186 2812 219 2842 p.
233 2804 287 2836 8⁵.
314 2803 419 2835 Ukert
430 2803 622 2835 Germanica
636 2813 668 2842 p.
685 2804 759 2834 3⁶4.
791 2802 918 2834 Gallim
931 2812 962 2842 p.
977 2803 1057 2840 366,

188 2860 244 2899 qui
273 2869 328 2891 eos
345 2869 404 2900 pro
422 2860 596 2892 Germanis
620 2860 730 2891 habet.
776 2859 996 2890 Walckenaer
1021 2859 1054 2889 11

189 2926 221 2956 p.
247 2918 312 2949 279
337 2918 399 2949 hos
423 2918 509 2949 inter
525 2918 674 2948 Rhenum
692 2921 723 2947 et
740 2916 883 2947 Scaldim
900 2915 1054 2957 (Samae,

190 2972 325 3011 Em)
342 2975 492 3006 collocat.
532 2975 681 3014 Kiepert,
705 2972 868 3004 Lehrbuok
892 2972 948 3003 der
970 2972 1057 3003 alten

190 3029 388 3071 Geomaphie
412 3033 432 3072 ξ
455 3033 532 3063 454.

235 3088 288 3118 27.
311 3085 414 3132 illum]
432 3089 670 3127 Hordeonium,
688 3088 743 3127 qui
760 3086 915 3117 Novaesii
928 3095 1053 3117 reman-

1091 2633 1179 2663 Bene
1203 2631 1405 2671 comparavit
1427 2630 1598 2661 Acidalius
1622 2630 1706 2661 Veli.
1726 2631 1757 2670 2,
1779 2632 1843 2662 4οε
1866 2630 1957 2662 haim

1089 2689 1154 2718 viri
1165 2688 1340 2726 jastiyium
1372 2687 1469 2719 tantis
1503 2687 1649 2719 auctibus
1663 2687 1804 2727 fortuna
1826 2687 1958 2726 sualim

1091 2754 1231 2784 ususque
1268 2754 1306 2776 eo
1331 2755 1363 2776 v.
1389 2744 1562 2784 aliquoties
1597 2744 1723 2783 Livius,
1748 2749 1783 2774 ut
1806 2746 1837 2782 4,
1865 2746 1897 2784 2,
1923 2746 1955 2776 2.

1090 2820 1133 2825 -
1160 2799 1339 2844 Menapios]
1366 2801 1523 2841 populum
1541 2801 1670 2832 Galliae
1694 2801 1848 2840 Belgicae
1870 2802 1957 2832 inter

1091 2859 1235 2890 Scaldim
1274 2862 1306 2889 et
1346 2859 1471 2889 Mosam
1511 2857 1635 2898 (Maus,
1660 2858 1793 2896 Menae).
1842 2858 1957 2897 Ukert,

1092 2914 1221 2946 Gallim
1244 2925 1276 2954 p.
1302 2916 1379 2946 878.
1406 2915 1626 2945 Walckenaer
1649 2915 1664 2944 1
1688 2924 1718 2953 p.
1746 2915 1824 2945 501.
1859 2923 1957 2954 saepe

1090 2973 1268 3010 iunguntur
1291 2980 1364 3001 cum
1388 2971 1504 3002 vicinis
1528 2971 1676 3001 Morinis.
1711 2970 1792 3003 ibid.
1818 2980 1850 3009 p.
1876 2971 1955 3002 440.

1090 3046 1133 3051 -
1151 3025 1308 3070 Morinos]
1334 3027 1446 3058 itidem
1476 3027 1606 3058 Galliae
1622 3027 1774 3065 Belgicae
1799 3027 1956 3067 populum

1090 3086 1130 3116 ad
1148 3085 1263 3116 fretum
1281 3084 1503 3115 Britannicum
1527 3084 1612 3115 circa
1636 3083 1850 3121 &moso-er,
1874 3083 1957 3114 Bou-

189 3149 286 3180 serat,
309 3143 391 3176 hune
414 3144 626 3185 Herennium,
652 3145 707 3183 qui
732 3145 848 3175 aderat
872 3142 1052 3174 Geldubae.
1088 3141 1187 3181 loque,
1219 3141 1325 3180 Ypree.
1354 3140 1440 3181 Vin-g.
1466 3144 1547 3172 Aen.
1575 3143 1606 3180 8,
1633 3142 1717 3172 727:
1752 3139 1957 3179 Earn-iqua

190 3217 232 3224 -
266 3201 430 3240 qreqarn'us
453 3201 541 3233 nz’les
573 3200 695 3233 Vitellio
717 3198 815 3244 fidus]
854 3202 884 3239 3,
911 3201 949 3230 61
988 3209 1054 3237 φτ·
1070 3243 1071 3252 ἵ
1088 3198 1245 3229 hominum
1270 3197 1397 3228 Morini.
1434 3198 1521 3229 Plin.
1541 3197 1593 3234 19,
1612 3199 1652 3228 2:
1676 3196 1779 3228 ultimi
1798 3196 1956 3228 homirnum

188 3257 299 3296 qartus
322 3258 411 3289 milon
435 3258 623 3290 induruerat
643 3268 707 3299 pro
737 3258 870 3289 Vitellio.

1069 3253 1262 3298 §existimati
1286 3254 1414 3285 Morini.
1453 3255 1566 3292 Pomp.
1591 3253 1675 3284 Mela
1700 3254 1732 3291 ³,
1758 3255 1796 3284 2:
1830 3252 1955 3285 ultis-sos

236 3316 290 3346 28.
312 3314 460 3346 enanis
481 3315 636 3356 nudibus]
669 3316 712 3348 cf.
741 3318 770 3354 1,
795 3315 837 3346 86
863 3315 902 3344 de
924 3313 1052 3344 Tiberi:
1069 3300 1072 3347 i
1090 3311 1290 3343 Galliarum
1328 3311 1464 3350 perezium
1508 3309 1659 3349 Morinos,
1703 3316 1799 3349 atque
1839 3310 1953 3341 eodem

188 3372 327 3402 ἱππιεπιο
350 3376 445 3402 auctu
462 3372 619 3411 —plana
643 3372 730 3403 urbis
752 3371 823 3402 loca
844 3388 882 3393 —
907 3369 1052 3409 implevit.
1069 3362 1072 3402 ἲ
1087 3379 1183 3400 sensu
1209 3369 1240 3399 h.
1267 3369 1288 3400 l.
1315 3368 1445 3398 Tacitus
1486 3367 1623 3398 Morinos
1651 3371 1679 3396 et
1703 3370 1841 3396 extrema
1873 3365 1953 3396 Gal-
