2176 3672
697 271 869 315 LIBER
898 270 969 315 1v.
1030 274 1128 328 Cap.
1160 275 1227 318 56.
1258 277 1327 319 57.
1356 276 1423 320 58.
1859 275 1941 319 507

171 381 372 436 exutique
392 381 566 436 fuerint,
595 384 754 428 amicos
783 384 912 429 fore«
944 386 1050 430 haec
1071 387 1269 432 ferociter
1289 390 1470 442 locutus,
1500 393 1727 444 postquam
1748 393 1942 443 perstare

169 460 215 504 in
233 459 415 515 perfidia
431 461 664 506 Classicum
687 464 975 520 Tutoremque
996 467 1127 520 videt,
1143 482 1265 511 verso
1287 470 1439 512 itinere
1452 469 1709 512 Novaesium
1730 468 1941 511 concedit:

168 539 442 594 Gallisiuum
473 542 637 585 milium
669 545 810 598 spatio
830 545 1090 588 distantibus
1110 549 1269 601 campis
1299 550 1539 591 consedere.
1570 547 1670 591 illuc
1701 560 1941 591 commean-

146 661 148 663 ,
168 619 276 663 tium
295 621 587 664 centurionum
611 623 876 679 militumque
897 625 1146 668 emebantur
1166 628 1308 680 animi,
1340 634 1387 670 ut
1409 626 1633 682 (flagitium
1664 627 1941 682 incognitum)

168 698 387 750 Romanus
418 703 631 745 exercitus
674 705 716 746 in
759 710 935 748 externa
974 706 1101 748 verba
1142 707 1335 750 iurarent
1363 708 1600 761 pignusque
1630 707 1739 749 tanti
1770 706 1975 749 sceleris-⁵

166 790 272 825 nece
300 784 378 823 aut
406 781 585 824 vinculis
615 782 851 836 legatorum
882 785 1068 827 daretur.
1100 785 1276 838 Vocula,
1306 799 1545 840 quanquam
1574 785 1766 840 plerique
1797 784 1940 838 fugam

167 859 420 914 suadebant,
449 862 689 904 audendum
728 867 849 905 ratus
891 869 1042 906 vocata
1072 865 1268 907 contione
1298 865 1340 906 in
1371 864 1483 907 hunc
1513 865 1683 907 modum
1714 864 1940 907 disseruit:

167 938 263 994 (58)
294 952 547 994 »nmquam
578 942 693 994 apud
722 953 798 983 vos
819 941 950 984 verba
969 940 1051 984 feci
1081 946 1156 983 aut
1176 955 1253 995 pro
1273 941 1393 984 vobis
1422 941 1643 984 sollicitior
1671 946 1748 985 aut
1776 956 1854 996 pro
1873 956 1941 986 me

165 1020 368 1064 securior.
400 1032 497 1062 nam
528 1020 632 1063 mihi
662 1021 839 1063 exitium
869 1022 1014 1074 parari
1042 1020 1178 1064 libens
1208 1021 1334 1063 audio
1355 1026 1628 1075 mortemque,
1659 1022 1700 1064 in
1732 1026 1797 1064 tot
1816 1021 1941 1065 malis

165 1100 387 1154 optimum,
407 1105 455 1142 ut
475 1099 601 1143 finem
622 1100 891 1144 miseriarum
914 1107 1111 1154 expecto:
1143 1102 1274 1144 vestri
1304 1114 1370 1143 me
1400 1102 1534 1154 pudet
1563 1103 1833 1155 miseretque,
1863 1103 1939 1144 ad-
1957 1113 1997 1142 ιο

166 1191 318 1223 versus
347 1191 456 1234 quos
486 1192 568 1222 non
601 1180 808 1234 proelium
832 1184 875 1222 et
894 1180 1009 1222 acies
1029 1184 1234 1232 parantur
1254 1179 1313 1232 (id
1345 1179 1453 1221 enim
1475 1178 1541 1222 fas
1570 1193 1781 1222 armorum
1810 1186 1854 1223 et
1872 1181 1940 1223 ius

165 1259 354 1303 hostium
385 1260 496 1313 est):
526 1259 680 1302 bellum
712 1272 806 1303 cum
837 1258 996 1313 populo
1019 1259 1207 1301 Romano
1237 1259 1392 1302 vestris
1423 1271 1468 1302 se
1499 1259 1691 1302 manibus
1721 1265 1939 1313 gesturum

165 1338 382 1383 Classicus
410 1343 558 1393 sperat
587 1339 895 1393 imperiumque
925 1342 969 1381 et
998 1342 1310 1380 sacramentum
1340 1337 1574 1380 Galliarum
1603 1342 1802 1381 ostentat.
1834 1338 1939 1380 adeo

165 1431 259 1472 nos,
296 1419 335 1462 si
363 1418 539 1462 fortuna
578 1418 620 1461 in
663 1430 865 1471 praesens
905 1418 1126 1470 virtusque
1163 1417 1367 1470 deseruit,
1410 1417 1536 1459 etiam
1570 1422 1716 1460 vetera
1748 1417 1939 1471 exempla

165 1496 382 1550 deficiunt,
411 1498 609 1552 quotiens
630 1498 844 1540 Romanae
873 1497 1060 1550 legiones
1091 1496 1232 1549 perire
1260 1496 1621 1549 praeoptaverint,
1651 1509 1705 1538 ne
1734 1496 1828 1539 loco
1848 1495 1995 1549 pel-15

164 1577 388 1622 letentur?
418 1579 522 1621 socii
551 1590 680 1631 saepe
710 1577 847 1619 nostri
869 1576 1035 1619 excindi
1066 1576 1193 1619 urbes
1222 1587 1324 1618 suas
1345 1587 1474 1628 seque
1504 1587 1598 1617 cum
1620 1575 1869 1628 coniugibus
1890 1588 1940 1617 ac

165 1656 313 1701 liberis
342 1657 524 1700 cremari
543 1657 835 1711 pertulerunt;
866 1668 1003 1709 neque
1032 1655 1150 1697 aliud
1169 1655 1353 1708 pretium
1375 1655 1512 1697 exitus
1533 1666 1656 1707 quam
1679 1652 1785 1697 fides
1805 1653 1939 1696 fama-

165 1749 260 1791 que.
319 1736 506 1780 tolerant
534 1749 629 1779 cum
661 1737 841 1778 maxime
870 1735 1056 1789 inopiam
1088 1735 1384 1787 obsidiumque
1420 1734 1534 1786 apud
1565 1733 1723 1776 Vetera
1751 1733 1939 1787 legiones

164 1826 243 1857 nec
272 1818 436 1857 terrore
477 1818 554 1856 aut
594 1815 816 1867 promissis
855 1814 1142 1856 demoventur.
1202 1812 1323 1855 nobis
1363 1825 1491 1866 super
1530 1825 1650 1855 arma
1680 1817 1723 1854 et
1751 1812 1865 1854 viros
1895 1817 1940 1855 et

165 1894 340 1948 egregia
369 1898 605 1936 castrorum
636 1894 899 1936 munimenta
937 1892 1196 1935 frumentum
1228 1898 1271 1934 et
1301 1896 1563 1934 commeatus
1594 1892 1783 1945 quamvis
1813 1892 1995 1945 longow

164 1972 276 2016 bello
305 1985 443 2025 pares.
485 1974 665 2027 pecunia
694 1985 829 2027 nuper
859 1973 986 2015 etiam
1017 1972 1218 2014 donativo
1248 1970 1434 2022 suffecit3
1467 1972 1580 2025 quod
1609 1972 1698 2014 sive
1728 1983 1754 2012 a
1774 1971 1936 2025 Vespa-

165 2053 287 2096 siano
318 2053 408 2096 sive
437 2066 463 2095 a
492 2053 667 2097 Vitellio
702 2054 849 2095 datum
884 2052 1160 2105 interpretari
1197 2050 1407 2103 mavoltis,
1450 2050 1503 2092 ab
1533 2051 1791 2104 imperatore
1821 2054 1937 2092 certe

161 2132 352 2175 Romano
381 2132 618 2185 accepistis.
659 2136 725 2174 tot
754 2131 959 2174 bellorum
991 2131 1187 2182 victores,
1218 2130 1332 2182 apud
1353 2129 1599 2181 Geldubam,
1629 2130 1744 2183 apud
1766 2129 1936 2179 Vetera,

162 2212 260 2256 fuso
289 2213 447 2256 totiens
467 2213 604 2266 hoste,
635 2212 672 2255 si
692 2211 859 2265 pavetis
879 2211 1027 2262 aciem,
1059 2210 1276 2263 indignum
1307 2209 1350 2250 id
1372 2209 1563 2262 quidem:
1594 2209 1669 2250 sed
1690 2212 1757 2251 est
1777 2207 1934 2250 vallum

162 2293 357 2347 murique
377 2297 421 2335 et
441 2292 638 2334 trahendi
666 2296 795 2342 artes,
825 2291 960 2332 donec
981 2302 1004 2332 e
1024 2288 1227 2342 proximis
1257 2287 1485 2340 provinciis
1515 2287 1674 2329 auxilia
1703 2288 1934 2330 exercitus-
1950 2302 1992 2332 π

162 2383 247 2426 que
275 2375 542 2415 concurrant.
583 2382 687 2413 sane
717 2382 796 2423 ego
828 2369 1095 2422 displiceam:
1137 2373 1237 2410 sunt
1266 2368 1338 2410 alii
1368 2367 1510 2421 legati,
1541 2367 1715 2420 tribuni,
1745 2366 1935 2409 centurio

303 2522 323 2552 2
347 2520 483 2559 nouqsio
509 2519 607 2560 (cm-r.
629 2522 704 2553 lm.)
798 2520 816 2549 5
842 2527 977 2557 roman3
1001 2516 1157 2557 (Romani
1173 2515 1287 2558 Rider)
1378 2514 1554 2558 (flagitium
1578 2515 1778 2553 incognitum
1798 2514 1934 2544 Romani

163 2565 340 2606 exereitus)
362 2565 474 2605 Halm,
512 2565 685 2606 (flagitium
720 2565 923 2602 incognitum
962 2563 1108 2592 Romano
1143 2559 1312 2603 exercitui)
1334 2561 1480 2591 Heraeus
1592 2561 1715 2591 iuraret
1738 2560 1775 2590 L.
1802 2559 1937 2598 ὅμηρα

166 2614 210 2644 10
232 2612 392 2651 optimum
423 2612 559 2642 uei-er.-
595 2611 702 2641 hostifi
726 2610 783 2640 ted
806 2610 826 2639 h
850 2619 889 2638 ex
914 2619 933 2638 u
957 2618 1040 2638 corr.
1070 2612 1128 2639 lm.
1165 2607 1240 2646 (dd.
1275 2607 1457 2643 Acidalim,
1492 2606 1649 2636 solacium
1676 2604 1734 2637 Th.
1759 2603 1934 2647 Kimlo'nq)

167 2660 206 2689 n
227 2657 301 2698 issiu
417 2662 551 2696 paratur
575 2657 615 2687 L.
642 2656 775 2696 Spenqd
893 2657 930 2684 14
971 2665 1029 2683 vos
1054 2653 1219 2692 Aqriooca,
1244 2653 1281 2682 L.
1308 2652 1443 2691 Spenpel
1550 2660 1683 2690 presens
1788 2651 1828 2680 17
1863 2652 1935 2689 initi

168 2703 260 2735 exitii
275 2702 378 2734 Μ’·
450 2705 490 2734 18
508 2709 637 2732 ueiens
710 2703 750 2732 19
770 2700 865 2731 vobis
884 2700 920 2729 L.
939 2698 1075 2739 Spenoel
1142 2700 1180 2728 21
1202 2698 1328 2728 suffecit
1345 2698 1493 2736 Lipnitu:
1515 2697 1636 2727 sufficit
1705 2697 1746 2726 22
1764 2692 1933 2735 interfiat-i

165 2749 209 2781 2⁶
233 2747 418 2793 culcurrunt
438 2750 472 2792 (n
498 2757 655 2788 superna.
683 2749 760 2787 ln.)
853 2746 1030 2784 displlczflr
1050 2749 1081 2781 (r
1104 2744 1164 2774 dd.
1194 2746 1267 2784 lm.)

164 2861 246 2894 ntis
269 2861 412 2892 adducto
435 2861 571 2892 servitio
604 2858 736 2890 coerciti
760 2858 848 2897 sint3
883 2860 1031 2896 prompte
1067 2852 1160 2896 φυγὴ
1198 2851 1407 2895 αἱρετωτάτη
1442 2853 1491 2896 τῷ
1528 2849 1698 2894 οἱνὶῖρώτῑῳ
1732 2850 1858 2893 γέγονε.
1888 2869 1933 2877 -

165 2922 280 2950 eontra
294 2918 484 2950 obedituros
500 2916 636 2955 imperio
654 2916 811 2950 Romano,
835 2914 1032 2950 simulatque
1066 2917 1101 2942 ut
1140 2912 1231 2948 finem
1266 2910 1478 2950 miseriarum]
1515 2910 1630 2940 Cicero
1665 2908 1761 2940 Catil.
1796 2911 1817 2940 4
1856 2909 1876 2948 ξ
1914 2909 1931 2938 7

164 2975 298 3016 spoliati
336 2975 488 3006 fuerint-«1
530 2990 573 2995 —-
620 2972 715 3002 dmm
753 2970 874 3000 milium
911 2966 1194 3011 epatiopnorcem
1212 2986 1252 2991 —
1270 2967 1414 2998 labem
1436 2976 1477 2996 ac
1499 2964 1932 3003 menumquam-tem.

166 3031 288 3064 Cum
310 3031 345 3063 b.
362 3031 403 3062 G.
429 3033 462 3070 3,
490 3032 527 3061 17
553 3039 623 3059 eum
651 3027 814 3058 Viridovix
837 3030 949 3057 contra
964 3035 1033 3055 eun
1071 3042 1108 3048 -
1131 3025 1287 3065 proelium
1310 3028 1339 3054 ee
1361 3021 1460 3066 aeia]
1483 3020 1519 3055 ἓν
1542 3019 1599 3055 διὰ
1624 3023 1726 3060 δυοῖν,
1756 3022 1840 3052 idom
1865 3021 1933 3052 tere

164 3087 260 3119 ἀοι-ι
281 3086 402 3118 nali·-
425 3087 530 3127 epodo
552 3085 750 3117 consedisset.
1068 3091 1105 3112 nc
1141 3082 1260 3111 iustum
1295 3081 1465 3119 proelium.
1502 3096 1545 3103 -—
1584 3079 1634 3109 im
1667 3075 1813 3120 hostin-⁸]
1850 3078 1932 3108 inter

213 3146 269 3176 58.
314 3148 512 3183 novumque,
546 3144 581 3174 ὑι
603 3147 650 3173 tot
672 3141 764 3172 malie
789 3139 952 3179 opuntem}
989 3139 1029 3168 cf.
1069 3139 1187 3174 hostes,
1213 3142 1247 3166 ut
1271 3136 1387 3167 dicitur
1411 3137 1459 3166 im
1474 3136 1619 3174 qenai-sn.
1645 3151 1690 3157 —-
1712 3133 1794 3164 adeo
1809 3142 1867 3164 non
1891 3150 1931 3156 -

1064 3194 1256 3233 pellem-tur
1266 3191 1293 3235 1]
1323 3194 1471 3223 »Fierine
1496 3196 1611 3231 potest,
1637 3197 1671 3220 ut
1686 3190 1768 3220 adeo
1786 3194 1931 3220 veterum

1069 3251 1289 3289 exemplorum
1316 3250 1416 3280 simus
1441 3249 1646 3278 immemores
1672 3246 1761 3276 eet?
1790 3264 1826 3270 --
1853 3246 1934 3277 coe-'⁸'

1069 3316 1161 3346 saepe
1191 3303 1308 3347 nom-i]
1343 3311 1376 3335 ut
1409 3304 1592 3343 Saguntini,
1623 3302 1817 3334 Casilinates
1841 3301 1930 3346 (ων.

1070 3364 1126 3402 28,
1153 3361 1219 3406 19).
1246 3380 1287 3386 -
1313 3360 1447 3401 affecit]
1467 3360 1508 3391 cs.
1534 3370 1564 3391 c.
1590 3361 1643 3391 38.
1671 3376 1713 3382 -
1749 3367 1827 3389 nane
1859 3355 1930 3401 ⁰9⁰]

1573 3413 1661 3455 33*

167 3200 331 3232 Publiliu·
355 3202 457 3239 syrus
482 3202 548 3233 ⁶29
574 3198 744 3240 (Spengel)
767 3196 823 3227 ubi
844 3196 944 3226 omnis
966 3194 1034 3225 vita

167 3262 266 3288 ndu·
288 3261 344 3295 ut,
376 3266 461 3287 non
483 3261 530 3288 eet
552 3257 711 3296 optimum.
738 3253 879 3284 Ovidius
903 3253 1032 3282 Met-m.

168 3316 201 3356 9,
228 3315 293 3346 188
311 3314 400 3345 Mon
415 3312 494 3344 nihi
506 3322 618 3343 m
640 3313 710 3343 erit.
736 3311 922 3342 Herodotus
939 3311 971 3348 7,
990 3309 1033 3339 46

167 3367 187 3406 0‘
211 3366 357 3407 θάνατος
373 3367 559 3414 μοχθηρῆς
591 3364 716 3411 ἐούσης
740 3366 804 3410 τῆς
829 3365 911 3409 ζόης
934 3375 1035 3398 κατα·
