<?xml version="1.0" encoding="UTF-8"?>
<!DOCTYPE html PUBLIC "-//W3C//DTD XHTML 1.0 Transitional//EN"
    "http://www.w3.org/TR/xhtml1/DTD/xhtml1-transitional.dtd">
<html xmlns="http://www.w3.org/1999/xhtml" xml:lang="en" lang="en">
 <head>
  <title>
</title>
<meta http-equiv="Content-Type" content="text/html;charset=utf-8" />
  <meta name='ocr-system' content='tesseract 3.04.00' />
  <meta name='ocr-capabilities' content='ocr_page ocr_carea ocr_par ocr_line ocrx_word'/>
</head>
<body>
  <div class='ocr_page' id='page_1' title='image "./pcorneliitacitio02taciuoft_0277.png"; bbox 0 0 2176 3672; ppageno 0'>
   <div class='ocr_carea' id='block_1_1' title="bbox 0 39 57 606">
    <p class='ocr_par' dir='ltr' id='par_1_1' title="bbox 0 39 57 606">
     <span class='ocr_line' id='line_1_1' title="bbox 0 39 57 606; baseline 0 3066"><span class='ocrx_word' id='word_1_1' title='bbox 0 39 57 606; x_wconf 95' lang='lat' dir='ltr'><strong> </strong></span> 
     </span>
    </p>
   </div>
   <div class='ocr_carea' id='block_1_2' title="bbox 0 2096 79 2524">
    <p class='ocr_par' dir='ltr' id='par_1_2' title="bbox 0 2096 79 2524">
     <span class='ocr_line' id='line_1_2' title="bbox 0 2096 11 2164; baseline 0 0"><span class='ocrx_word' id='word_1_2' title='bbox 0 2096 11 2164; x_wconf 63' lang='grc' dir='ltr'>ἑ</span> 
     </span>
     <span class='ocr_line' id='line_1_3' title="bbox 0 2482 79 2524; baseline -0.038 0"><span class='ocrx_word' id='word_1_3' title='bbox 0 2482 10 2524; x_wconf 62' lang='grc' dir='ltr'>ι</span> <span class='ocrx_word' id='word_1_4' title='bbox 75 2519 79 2521; x_wconf 73' lang='grc'><em>,</em></span> 
     </span>
    </p>
   </div>
   <div class='ocr_carea' id='block_1_3' title="bbox 711 244 1945 299">
    <p class='ocr_par' dir='ltr' id='par_1_3' title="bbox 711 244 1945 299">
     <span class='ocr_line' id='line_1_4' title="bbox 711 244 1945 299; baseline 0 -12"><span class='ocrx_word' id='word_1_5' title='bbox 711 245 885 289; x_wconf 88' lang='lat' dir='ltr'><strong>LIBER</strong></span> <span class='ocrx_word' id='word_1_6' title='bbox 913 245 947 288; x_wconf 93' lang='grc' dir='ltr'><strong>Ι.</strong></span> <span class='ocrx_word' id='word_1_7' title='bbox 1006 244 1107 299; x_wconf 87' lang='lat' dir='ltr'><strong>Cap.</strong></span> <span class='ocrx_word' id='word_1_8' title='bbox 1138 245 1205 288; x_wconf 83' lang='lat'><strong>28.</strong></span> <span class='ocrx_word' id='word_1_9' title='bbox 1235 245 1304 289; x_wconf 84' lang='lat'><strong>29.</strong></span> <span class='ocrx_word' id='word_1_10' title='bbox 1334 246 1400 289; x_wconf 88' lang='lat'><strong>30.</strong></span> <span class='ocrx_word' id='word_1_11' title='bbox 1856 244 1945 288; x_wconf 82' lang='lat'><strong>255</strong></span> 
     </span>
    </p>
   </div>
   <div class='ocr_carea' id='block_1_4' title="bbox 164 359 2003 1944">
    <p class='ocr_par' dir='ltr' id='par_1_4' title="bbox 164 359 2003 1944">
     <span class='ocr_line' id='line_1_5' title="bbox 166 359 1945 415; baseline -0.001 -11"><span class='ocrx_word' id='word_1_12' title='bbox 166 360 303 415; x_wconf 90' lang='lat' dir='ltr'><strong>doleo,</strong></span> <span class='ocrx_word' id='word_1_13' title='bbox 329 359 369 403; x_wconf 89' lang='lat' dir='ltr'><strong>si</strong></span> <span class='ocrx_word' id='word_1_14' title='bbox 396 359 518 404; x_wconf 88' lang='lat' dir='ltr'><strong>nobis</strong></span> <span class='ocrx_word' id='word_1_15' title='bbox 548 362 625 403; x_wconf 88' lang='lat' dir='ltr'><strong>aut</strong></span> <span class='ocrx_word' id='word_1_16' title='bbox 652 360 793 414; x_wconf 91' lang='lat' dir='ltr'><strong>perire</strong></span> <span class='ocrx_word' id='word_1_17' title='bbox 820 360 947 403; x_wconf 92' lang='lat' dir='ltr'><strong>hodie</strong></span> <span class='ocrx_word' id='word_1_18' title='bbox 970 372 1142 403; x_wconf 91' lang='lat' dir='ltr'><strong>necesse</strong></span> <span class='ocrx_word' id='word_1_19' title='bbox 1168 364 1235 403; x_wconf 61' lang='lat' dir='ltr'><strong>est</strong></span> <span class='ocrx_word' id='word_1_20' title='bbox 1259 364 1346 414; x_wconf 83' lang='lat' dir='ltr'><strong>aut,</strong></span> <span class='ocrx_word' id='word_1_21' title='bbox 1376 361 1491 415; x_wconf 89' lang='lat' dir='ltr'><strong>quod</strong></span> <span class='ocrx_word' id='word_1_22' title='bbox 1513 373 1646 415; x_wconf 90' lang='lat' dir='ltr'><strong>aeque</strong></span> <span class='ocrx_word' id='word_1_23' title='bbox 1675 360 1791 414; x_wconf 89' lang='lat' dir='ltr'><strong>apud</strong></span> <span class='ocrx_word' id='word_1_24' title='bbox 1814 359 1945 403; x_wconf 92' lang='lat' dir='ltr'><strong>bonos</strong></span> 
     </span>
     <span class='ocr_line' id='line_1_6' title="bbox 167 435 1946 500; baseline -0.001 -16"><span class='ocrx_word' id='word_1_25' title='bbox 167 441 369 500; x_wconf 86' lang='lat' dir='ltr'><strong>miserum</strong></span> <span class='ocrx_word' id='word_1_26' title='bbox 399 443 489 494; x_wconf 84' lang='lat' dir='ltr'><strong>est,</strong></span> <span class='ocrx_word' id='word_1_27' title='bbox 519 437 744 483; x_wconf 59' lang='lat' dir='ltr'><strong>occideres</strong></span> <span class='ocrx_word' id='word_1_28' title='bbox 772 435 977 484; x_wconf 73' lang='lat' dir='ltr'><strong>Solacium</strong></span> <span class='ocrx_word' id='word_1_29' title='bbox 1004 440 1186 495; x_wconf 85' lang='lat' dir='ltr'>proximi</span> <span class='ocrx_word' id='word_1_30' title='bbox 1223 445 1364 484; x_wconf 92' lang='lat' dir='ltr'><strong>motus</strong></span> <span class='ocrx_word' id='word_1_31' title='bbox 1392 440 1651 484; x_wconf 83' lang='lat' dir='ltr'>habebamus</span> <span class='ocrx_word' id='word_1_32' title='bbox 1682 440 1946 483; x_wconf 83' lang='lat' dir='ltr'><strong>incruentam</strong></span> 
     </span>
     <span class='ocr_line' id='line_1_7' title="bbox 167 519 1948 576; baseline -0.001 -11"><span class='ocrx_word' id='word_1_33' title='bbox 167 520 315 565; x_wconf 88' lang='lat' dir='ltr'><strong>urbem</strong></span> <span class='ocrx_word' id='word_1_34' title='bbox 338 524 383 565; x_wconf 86' lang='lat' dir='ltr'><strong>et</strong></span> <span class='ocrx_word' id='word_1_35' title='bbox 404 533 474 564; x_wconf 83' lang='lat' dir='ltr'><strong>res</strong></span> <span class='ocrx_word' id='word_1_36' title='bbox 503 521 594 564; x_wconf 90' lang='lat' dir='ltr'><strong>sine</strong></span> <span class='ocrx_word' id='word_1_37' title='bbox 616 521 830 564; x_wconf 78' lang='lat' dir='ltr'><strong>discordia</strong></span> <span class='ocrx_word' id='word_1_38' title='bbox 858 521 1102 564; x_wconf 87' lang='lat' dir='ltr'><strong>translatas.</strong></span> <span class='ocrx_word' id='word_1_39' title='bbox 1133 521 1350 575; x_wconf 86' lang='lat' dir='ltr'><strong>provisum</strong></span> <span class='ocrx_word' id='word_1_40' title='bbox 1371 522 1601 576; x_wconf 84' lang='lat' dir='ltr'><strong>adoptione</strong></span> <span class='ocrx_word' id='word_1_41' title='bbox 1630 519 1868 574; x_wconf 88' lang='lat' dir='ltr'><strong>videbatur,</strong></span> <span class='ocrx_word' id='word_1_42' title='bbox 1897 523 1948 563; x_wconf 91' lang='lat' dir='ltr'><strong>ut</strong></span> 
     </span>
     <span class='ocr_line' id='line_1_8' title="bbox 167 600 1946 657; baseline -0.001 -12"><span class='ocrx_word' id='word_1_43' title='bbox 167 613 223 645; x_wconf 92' lang='lat' dir='ltr'><strong>ne</strong></span> <span class='ocrx_word' id='word_1_44' title='bbox 243 603 344 657; x_wconf 90' lang='lat' dir='ltr'><strong>post</strong></span> <span class='ocrx_word' id='word_1_45' title='bbox 362 600 542 644; x_wconf 78' lang='lat' dir='ltr'><strong>Galbam</strong></span> <span class='ocrx_word' id='word_1_46' title='bbox 564 601 735 656; x_wconf 89' lang='lat' dir='ltr'><strong>quidem</strong></span> <span class='ocrx_word' id='word_1_47' title='bbox 756 600 867 644; x_wconf 90' lang='lat' dir='ltr'><strong>bello</strong></span> <span class='ocrx_word' id='word_1_48' title='bbox 886 601 1005 644; x_wconf 90' lang='lat' dir='ltr'><strong>locus</strong></span> <span class='ocrx_word' id='word_1_49' title='bbox 1025 604 1150 644; x_wconf 63' lang='lat' dir='ltr'><strong>esset.</strong></span> <span class='ocrx_word' id='word_1_50' title='bbox 1192 601 1282 653; x_wconf 86' lang='lat'><strong>(30)</strong></span> <span class='ocrx_word' id='word_1_51' title='bbox 1302 601 1409 644; x_wconf 87' lang='lat' dir='ltr'><strong>nihil</strong></span> <span class='ocrx_word' id='word_1_52' title='bbox 1432 601 1646 656; x_wconf 81' lang='lat' dir='ltr'><strong>adrogabo</strong></span> <span class='ocrx_word' id='word_1_53' title='bbox 1670 600 1776 643; x_wconf 91' lang='lat' dir='ltr'><strong>mihi</strong></span> <span class='ocrx_word' id='word_1_54' title='bbox 1795 600 1946 644; x_wconf 92' lang='lat' dir='ltr'><strong>nobili-</strong></span> 
     </span>
     <span class='ocr_line' id='line_1_9' title="bbox 167 680 2002 736; baseline -0.003 -11"><span class='ocrx_word' id='word_1_55' title='bbox 167 681 274 725; x_wconf 79' lang='lat' dir='ltr'><strong>tatis</strong></span> <span class='ocrx_word' id='word_1_56' title='bbox 298 684 375 725; x_wconf 82' lang='lat' dir='ltr'><strong>aut</strong></span> <span class='ocrx_word' id='word_1_57' title='bbox 394 681 648 725; x_wconf 59' lang='lat' dir='ltr'><strong>modestiae:</strong></span> <span class='ocrx_word' id='word_1_58' title='bbox 678 694 814 736; x_wconf 92' lang='lat' dir='ltr'><strong>neque</strong></span> <span class='ocrx_word' id='word_1_59' title='bbox 838 682 948 724; x_wconf 90' lang='lat' dir='ltr'><strong>enim</strong></span> <span class='ocrx_word' id='word_1_60' title='bbox 970 681 1110 724; x_wconf 90' lang='lat' dir='ltr'><strong>relatu</strong></span> <span class='ocrx_word' id='word_1_61' title='bbox 1137 682 1345 725; x_wconf 85' lang='lat' dir='ltr'><strong>virtutum</strong></span> <span class='ocrx_word' id='word_1_62' title='bbox 1367 683 1410 725; x_wconf 91' lang='lat' dir='ltr'><strong>in</strong></span> <span class='ocrx_word' id='word_1_63' title='bbox 1432 682 1746 736; x_wconf 88' lang='lat' dir='ltr'><strong>comparatione</strong></span> <span class='ocrx_word' id='word_1_64' title='bbox 1766 680 1946 724; x_wconf 90' lang='lat' dir='ltr'><strong>Othonis</strong></span> <span class='ocrx_word' id='word_1_65' title='bbox 1982 688 2002 719; x_wconf 85' lang='lat'><strong>5</strong></span> 
     </span>
     <span class='ocr_line' id='line_1_10' title="bbox 166 761 1947 817; baseline -0.001 -11"><span class='ocrx_word' id='word_1_66' title='bbox 166 775 277 817; x_wconf 89' lang='lat' dir='ltr'><strong>opus</strong></span> <span class='ocrx_word' id='word_1_67' title='bbox 305 765 383 806; x_wconf 70' lang='lat' dir='ltr'><strong>oet.</strong></span> <span class='ocrx_word' id='word_1_68' title='bbox 422 761 550 816; x_wconf 83' lang='lat' dir='ltr'><strong>vitia,</strong></span> <span class='ocrx_word' id='word_1_69' title='bbox 589 761 743 817; x_wconf 91' lang='lat' dir='ltr'><strong>quibus</strong></span> <span class='ocrx_word' id='word_1_70' title='bbox 780 762 882 805; x_wconf 91' lang='lat' dir='ltr'><strong>solis</strong></span> <span class='ocrx_word' id='word_1_71' title='bbox 912 762 1143 816; x_wconf 86' lang='lat' dir='ltr'><strong>gloriatur,</strong></span> <span class='ocrx_word' id='word_1_72' title='bbox 1183 765 1373 805; x_wconf 87' lang='lat' dir='ltr'><strong>evertere</strong></span> <span class='ocrx_word' id='word_1_73' title='bbox 1410 762 1655 817; x_wconf 88' lang='lat' dir='ltr'><strong>imperium,</strong></span> <span class='ocrx_word' id='word_1_74' title='bbox 1695 762 1824 805; x_wconf 88' lang='lat' dir='ltr'><strong>etiam</strong></span> <span class='ocrx_word' id='word_1_75' title='bbox 1853 773 1947 804; x_wconf 90' lang='lat' dir='ltr'><strong>cum</strong></span> 
     </span>
     <span class='ocr_line' id='line_1_11' title="bbox 166 842 1947 897; baseline -0.001 -11"><span class='ocrx_word' id='word_1_76' title='bbox 166 842 348 886; x_wconf 80' lang='lat' dir='ltr'><strong>amicum</strong></span> <span class='ocrx_word' id='word_1_77' title='bbox 375 842 645 897; x_wconf 87' lang='lat' dir='ltr'><strong>imperatoris</strong></span> <span class='ocrx_word' id='word_1_78' title='bbox 675 846 832 897; x_wconf 88' lang='lat' dir='ltr'><strong>ageret.</strong></span> <span class='ocrx_word' id='word_1_79' title='bbox 873 842 1076 885; x_wconf 84' lang='lat' dir='ltr'><strong>habitune</strong></span> <span class='ocrx_word' id='word_1_80' title='bbox 1105 845 1150 885; x_wconf 90' lang='lat' dir='ltr'><strong>et</strong></span> <span class='ocrx_word' id='word_1_81' title='bbox 1177 843 1345 885; x_wconf 86' lang='lat' dir='ltr'><strong>incessu</strong></span> <span class='ocrx_word' id='word_1_82' title='bbox 1384 856 1437 885; x_wconf 87' lang='lat' dir='ltr'><strong>an</strong></span> <span class='ocrx_word' id='word_1_83' title='bbox 1466 842 1539 885; x_wconf 92' lang='lat' dir='ltr'><strong>illo</strong></span> <span class='ocrx_word' id='word_1_84' title='bbox 1569 842 1764 885; x_wconf 88' lang='lat' dir='ltr'><strong>muliebri</strong></span> <span class='ocrx_word' id='word_1_85' title='bbox 1793 845 1947 884; x_wconf 90' lang='lat' dir='ltr'><strong>ornatu</strong></span> 
     </span>
     <span class='ocr_line' id='line_1_12' title="bbox 165 921 1944 977; baseline -0.001 -11"><span class='ocrx_word' id='word_1_86' title='bbox 165 925 402 967; x_wconf 87' lang='lat' dir='ltr'><strong>mereretur</strong></span> <span class='ocrx_word' id='word_1_87' title='bbox 420 923 674 977; x_wconf 77' lang='lat' dir='ltr'><strong>imperium?</strong></span> <span class='ocrx_word' id='word_1_88' title='bbox 702 921 911 966; x_wconf 90' lang='lat' dir='ltr'><strong>falluntur</strong></span> <span class='ocrx_word' id='word_1_89' title='bbox 933 922 1085 977; x_wconf 88' lang='lat' dir='ltr'><strong>quibus</strong></span> <span class='ocrx_word' id='word_1_90' title='bbox 1115 922 1284 965; x_wconf 78' lang='lat' dir='ltr'><strong>luxuria</strong></span> <span class='ocrx_word' id='word_1_91' title='bbox 1306 924 1447 977; x_wconf 92' lang='lat' dir='ltr'><strong>specie</strong></span> <span class='ocrx_word' id='word_1_92' title='bbox 1476 922 1747 966; x_wconf 74' lang='lat' dir='ltr'><strong>liberalitatis</strong></span> <span class='ocrx_word' id='word_1_93' title='bbox 1768 922 1944 976; x_wconf 87' lang='lat' dir='ltr'><strong>inponit.</strong></span> 
     </span>
     <span class='ocr_line' id='line_1_13' title="bbox 165 1001 1946 1059; baseline -0.001 -12"><span class='ocrx_word' id='word_1_94' title='bbox 165 1004 347 1059; x_wconf 83' lang='lat' dir='ltr'><strong>perdere</strong></span> <span class='ocrx_word' id='word_1_95' title='bbox 369 1003 452 1047; x_wconf 87' lang='lat' dir='ltr'><strong>iste</strong></span> <span class='ocrx_word' id='word_1_96' title='bbox 472 1003 592 1057; x_wconf 85' lang='lat' dir='ltr'><strong>sciet,</strong></span> <span class='ocrx_word' id='word_1_97' title='bbox 621 1003 780 1046; x_wconf 90' lang='lat' dir='ltr'><strong>donare</strong></span> <span class='ocrx_word' id='word_1_98' title='bbox 797 1003 968 1046; x_wconf 85' lang='lat' dir='ltr'><strong>nesciet.</strong></span> <span class='ocrx_word' id='word_1_99' title='bbox 999 1006 1152 1057; x_wconf 88' lang='lat' dir='ltr'><strong>stupra</strong></span> <span class='ocrx_word' id='word_1_100' title='bbox 1171 1015 1283 1045; x_wconf 92' lang='lat' dir='ltr'><strong>nunc</strong></span> <span class='ocrx_word' id='word_1_101' title='bbox 1302 1006 1346 1046; x_wconf 93' lang='lat' dir='ltr'><strong>et</strong></span> <span class='ocrx_word' id='word_1_102' title='bbox 1366 1003 1683 1046; x_wconf 86' lang='lat' dir='ltr'><strong>comissationes</strong></span> <span class='ocrx_word' id='word_1_103' title='bbox 1706 1006 1749 1046; x_wconf 93' lang='lat' dir='ltr'><strong>et</strong></span> <span class='ocrx_word' id='word_1_104' title='bbox 1770 1001 1946 1045; x_wconf 85' lang='lat' dir='ltr'><strong>femina-</strong></span> 
     </span>
     <span class='ocr_line' id='line_1_14' title="bbox 166 1082 2003 1138; baseline -0.002 -10"><span class='ocrx_word' id='word_1_105' title='bbox 166 1097 263 1128; x_wconf 90' lang='lat' dir='ltr'><strong>rum</strong></span> <span class='ocrx_word' id='word_1_106' title='bbox 282 1088 427 1128; x_wconf 66' lang='lat' dir='ltr'><strong>coetus</strong></span> <span class='ocrx_word' id='word_1_107' title='bbox 454 1084 589 1127; x_wconf 86' lang='lat' dir='ltr'><strong>volvit</strong></span> <span class='ocrx_word' id='word_1_108' title='bbox 612 1083 772 1127; x_wconf 87' lang='lat' dir='ltr'><strong>animo:</strong></span> <span class='ocrx_word' id='word_1_109' title='bbox 802 1083 907 1128; x_wconf 84' lang='lat' dir='ltr'><strong>haec</strong></span> <span class='ocrx_word' id='word_1_110' title='bbox 934 1083 1200 1138; x_wconf 77' lang='lat' dir='ltr'><strong>principatus</strong></span> <span class='ocrx_word' id='word_1_111' title='bbox 1229 1083 1421 1137; x_wconf 87' lang='lat' dir='ltr'><strong>praemia</strong></span> <span class='ocrx_word' id='word_1_112' title='bbox 1443 1086 1583 1138; x_wconf 90' lang='lat' dir='ltr'><strong>putat,</strong></span> <span class='ocrx_word' id='word_1_113' title='bbox 1612 1096 1791 1138; x_wconf 89' lang='lat' dir='ltr'><strong>quorum</strong></span> <span class='ocrx_word' id='word_1_114' title='bbox 1813 1082 1946 1126; x_wconf 92' lang='lat' dir='ltr'><strong>libido</strong></span> <span class='ocrx_word' id='word_1_115' title='bbox 1960 1093 2003 1123; x_wconf 91' lang='lat'><strong>10</strong></span> 
     </span>
     <span class='ocr_line' id='line_1_15' title="bbox 167 1163 1946 1219; baseline -0.001 -11"><span class='ocrx_word' id='word_1_116' title='bbox 167 1177 219 1208; x_wconf 80' lang='lat' dir='ltr'><strong>ac</strong></span> <span class='ocrx_word' id='word_1_117' title='bbox 245 1163 444 1219; x_wconf 85' lang='lat' dir='ltr'><strong>voluptas</strong></span> <span class='ocrx_word' id='word_1_118' title='bbox 473 1177 602 1219; x_wconf 67' lang='lat' dir='ltr'><strong>penes</strong></span> <span class='ocrx_word' id='word_1_119' title='bbox 631 1164 772 1219; x_wconf 91' lang='lat' dir='ltr'><strong>ipsum</strong></span> <span class='ocrx_word' id='word_1_120' title='bbox 801 1165 872 1218; x_wconf 87' lang='lat' dir='ltr'><strong>sit,</strong></span> <span class='ocrx_word' id='word_1_121' title='bbox 901 1163 1030 1207; x_wconf 92' lang='lat' dir='ltr'><strong>rubor</strong></span> <span class='ocrx_word' id='word_1_122' title='bbox 1052 1176 1102 1207; x_wconf 91' lang='lat' dir='ltr'><strong>ac</strong></span> <span class='ocrx_word' id='word_1_123' title='bbox 1126 1163 1309 1207; x_wconf 88' lang='lat' dir='ltr'><strong>dedecus</strong></span> <span class='ocrx_word' id='word_1_124' title='bbox 1338 1177 1467 1218; x_wconf 90' lang='lat' dir='ltr'><strong>penes</strong></span> <span class='ocrx_word' id='word_1_125' title='bbox 1497 1176 1653 1207; x_wconf 86' lang='lat' dir='ltr'><strong>omnes.</strong></span> <span class='ocrx_word' id='word_1_126' title='bbox 1684 1177 1805 1206; x_wconf 90' lang='lat' dir='ltr'><strong>nemo</strong></span> <span class='ocrx_word' id='word_1_127' title='bbox 1836 1164 1946 1206; x_wconf 92' lang='lat' dir='ltr'><strong>enim</strong></span> 
     </span>
     <span class='ocr_line' id='line_1_16' title="bbox 167 1243 1945 1301; baseline -0.002 -12"><span class='ocrx_word' id='word_1_128' title='bbox 167 1258 368 1301; x_wconf 86' lang='lat' dir='ltr'><strong>umquam</strong></span> <span class='ocrx_word' id='word_1_129' title='bbox 404 1245 629 1300; x_wconf 91' lang='lat' dir='ltr'><strong>imperium</strong></span> <span class='ocrx_word' id='word_1_130' title='bbox 666 1243 829 1299; x_wconf 85' lang='lat' dir='ltr'><strong>flagitio</strong></span> <span class='ocrx_word' id='word_1_131' title='bbox 867 1245 1107 1299; x_wconf 88' lang='lat' dir='ltr'><strong>quaesitum</strong></span> <span class='ocrx_word' id='word_1_132' title='bbox 1143 1243 1265 1287; x_wconf 91' lang='lat' dir='ltr'><strong>bonis</strong></span> <span class='ocrx_word' id='word_1_133' title='bbox 1305 1244 1470 1288; x_wconf 88' lang='lat' dir='ltr'><strong>artibus</strong></span> <span class='ocrx_word' id='word_1_134' title='bbox 1507 1244 1706 1288; x_wconf 83' lang='lat' dir='ltr'><strong>exercuit.</strong></span> <span class='ocrx_word' id='word_1_135' title='bbox 1766 1243 1945 1287; x_wconf 90' lang='lat' dir='ltr'><strong>Galbam</strong></span> 
     </span>
     <span class='ocr_line' id='line_1_17' title="bbox 169 1324 1943 1381; baseline -0.001 -12"><span class='ocrx_word' id='word_1_136' title='bbox 169 1337 396 1370; x_wconf 82' lang='lat' dir='ltr'><strong>consensus</strong></span> <span class='ocrx_word' id='word_1_137' title='bbox 417 1326 583 1381; x_wconf 86' lang='lat' dir='ltr'><strong>generis</strong></span> <span class='ocrx_word' id='word_1_138' title='bbox 604 1325 791 1378; x_wconf 84' lang='lat' dir='ltr'><strong>humani,</strong></span> <span class='ocrx_word' id='word_1_139' title='bbox 820 1337 888 1367; x_wconf 90' lang='lat' dir='ltr'><strong>me</strong></span> <span class='ocrx_word' id='word_1_140' title='bbox 909 1324 1047 1368; x_wconf 87' lang='lat' dir='ltr'><strong>Galba</strong></span> <span class='ocrx_word' id='word_1_141' title='bbox 1069 1324 1427 1368; x_wconf 88' lang='lat' dir='ltr'><strong>consentientibus</strong></span> <span class='ocrx_word' id='word_1_142' title='bbox 1446 1324 1565 1368; x_wconf 83' lang='lat' dir='ltr'><strong>vobis</strong></span> <span class='ocrx_word' id='word_1_143' title='bbox 1581 1324 1805 1368; x_wconf 87' lang='lat' dir='ltr'><strong>Caesarem</strong></span> <span class='ocrx_word' id='word_1_144' title='bbox 1825 1325 1943 1367; x_wconf 83' lang='lat' dir='ltr'><strong>dixit.</strong></span> 
     </span>
     <span class='ocr_line' id='line_1_18' title="bbox 167 1404 1945 1461; baseline -0.002 -11"><span class='ocrx_word' id='word_1_145' title='bbox 167 1406 217 1450; x_wconf 25' lang='lat' dir='ltr'><strong>siff</strong></span> <span class='ocrx_word' id='word_1_146' title='bbox 234 1418 304 1450; x_wconf 87' lang='lat' dir='ltr'><strong>res</strong></span> <span class='ocrx_word' id='word_1_147' title='bbox 326 1406 497 1461; x_wconf 87' lang='lat' dir='ltr'><strong>publica</strong></span> <span class='ocrx_word' id='word_1_148' title='bbox 526 1409 569 1449; x_wconf 85' lang='lat' dir='ltr'><strong>et</strong></span> <span class='ocrx_word' id='word_1_149' title='bbox 597 1409 771 1449; x_wconf 88' lang='lat' dir='ltr'><strong>senatus</strong></span> <span class='ocrx_word' id='word_1_150' title='bbox 802 1408 845 1448; x_wconf 90' lang='lat' dir='ltr'><strong>et</strong></span> <span class='ocrx_word' id='word_1_151' title='bbox 867 1404 1052 1460; x_wconf 89' lang='lat' dir='ltr'><strong>populus</strong></span> <span class='ocrx_word' id='word_1_152' title='bbox 1072 1417 1209 1448; x_wconf 87' lang='lat' dir='ltr'><strong>vacua</strong></span> <span class='ocrx_word' id='word_1_153' title='bbox 1226 1405 1397 1448; x_wconf 89' lang='lat' dir='ltr'><strong>nomina</strong></span> <span class='ocrx_word' id='word_1_154' title='bbox 1416 1408 1529 1459; x_wconf 88' lang='lat' dir='ltr'><strong>sunt,</strong></span> <span class='ocrx_word' id='word_1_155' title='bbox 1557 1410 1714 1459; x_wconf 86' lang='lat' dir='ltr'><strong>vestra,</strong></span> <span class='ocrx_word' id='word_1_156' title='bbox 1745 1405 1945 1449; x_wconf 89' lang='lat' dir='ltr'><strong>commili—</strong></span> 
     </span>
     <span class='ocr_line' id='line_1_19' title="bbox 166 1484 2001 1540; baseline -0.001 -10"><span class='ocrx_word' id='word_1_157' title='bbox 166 1489 301 1540; x_wconf 64' lang='lat' dir='ltr'><strong>tones,</strong></span> <span class='ocrx_word' id='word_1_158' title='bbox 330 1487 507 1530; x_wconf 61' lang='lat' dir='ltr'><strong>interest</strong></span> <span class='ocrx_word' id='word_1_159' title='bbox 525 1499 580 1530; x_wconf 92' lang='lat' dir='ltr'><strong>ne</strong></span> <span class='ocrx_word' id='word_1_160' title='bbox 601 1487 899 1540; x_wconf 88' lang='lat' dir='ltr'><strong>imperatorem</strong></span> <span class='ocrx_word' id='word_1_161' title='bbox 920 1486 1095 1540; x_wconf 58' lang='lat' dir='ltr'><strong>pessimi</strong></span> <span class='ocrx_word' id='word_1_162' title='bbox 1122 1484 1293 1529; x_wconf 86' lang='lat' dir='ltr'><strong>faciant.</strong></span> <span class='ocrx_word' id='word_1_163' title='bbox 1324 1485 1535 1540; x_wconf 85' lang='lat' dir='ltr'><strong>legionum</strong></span> <span class='ocrx_word' id='word_1_164' title='bbox 1562 1486 1715 1529; x_wconf 87' lang='lat' dir='ltr'><strong>seditio</strong></span> <span class='ocrx_word' id='word_1_165' title='bbox 1739 1487 1944 1530; x_wconf 88' lang='lat' dir='ltr'><strong>adversus</strong></span> <span class='ocrx_word' id='word_1_166' title='bbox 1958 1498 2001 1528; x_wconf 88' lang='lat'><strong>15</strong></span> 
     </span>
     <span class='ocr_line' id='line_1_20' title="bbox 166 1564 1945 1621; baseline 0 -11"><span class='ocrx_word' id='word_1_167' title='bbox 166 1566 295 1610; x_wconf 86' lang='lat' dir='ltr'><strong>duces</strong></span> <span class='ocrx_word' id='word_1_168' title='bbox 323 1579 425 1610; x_wconf 90' lang='lat' dir='ltr'><strong>suos</strong></span> <span class='ocrx_word' id='word_1_169' title='bbox 453 1567 603 1610; x_wconf 84' lang='lat' dir='ltr'><strong>audita</strong></span> <span class='ocrx_word' id='word_1_170' title='bbox 631 1570 698 1609; x_wconf 92' lang='lat' dir='ltr'><strong>est</strong></span> <span class='ocrx_word' id='word_1_171' title='bbox 726 1566 976 1621; x_wconf 86' lang='lat' dir='ltr'><strong>aliquando:</strong></span> <span class='ocrx_word' id='word_1_172' title='bbox 1016 1570 1160 1610; x_wconf 87' lang='lat' dir='ltr'><strong>vestra</strong></span> <span class='ocrx_word' id='word_1_173' title='bbox 1187 1564 1294 1610; x_wconf 90' lang='lat' dir='ltr'><strong>fides</strong></span> <span class='ocrx_word' id='word_1_174' title='bbox 1322 1565 1521 1621; x_wconf 84' lang='lat' dir='ltr'><strong>famaque</strong></span> <span class='ocrx_word' id='word_1_175' title='bbox 1556 1566 1720 1609; x_wconf 87' lang='lat' dir='ltr'><strong>inlaesa</strong></span> <span class='ocrx_word' id='word_1_176' title='bbox 1747 1567 1805 1610; x_wconf 89' lang='lat' dir='ltr'><strong>ad</strong></span> <span class='ocrx_word' id='word_1_177' title='bbox 1832 1566 1945 1610; x_wconf 92' lang='lat' dir='ltr'><strong>hunc</strong></span> 
     </span>
     <span class='ocr_line' id='line_1_21' title="bbox 166 1646 1944 1701; baseline -0.001 -10"><span class='ocrx_word' id='word_1_178' title='bbox 166 1647 279 1691; x_wconf 87' lang='lat' dir='ltr'><strong>diem</strong></span> <span class='ocrx_word' id='word_1_179' title='bbox 314 1647 483 1690; x_wconf 90' lang='lat' dir='ltr'><strong>mansit.</strong></span> <span class='ocrx_word' id='word_1_180' title='bbox 527 1650 572 1690; x_wconf 93' lang='lat' dir='ltr'><strong>et</strong></span> <span class='ocrx_word' id='word_1_181' title='bbox 599 1646 712 1690; x_wconf 86' lang='lat' dir='ltr'><strong>Nero</strong></span> <span class='ocrx_word' id='word_1_182' title='bbox 752 1659 920 1701; x_wconf 93' lang='lat' dir='ltr'><strong>quoque</strong></span> <span class='ocrx_word' id='word_1_183' title='bbox 957 1660 1034 1690; x_wconf 91' lang='lat' dir='ltr'><strong>vos</strong></span> <span class='ocrx_word' id='word_1_184' title='bbox 1064 1647 1273 1701; x_wconf 83' lang='lat' dir='ltr'><strong>destituit,</strong></span> <span class='ocrx_word' id='word_1_185' title='bbox 1313 1660 1398 1690; x_wconf 93' lang='lat' dir='ltr'><strong>non</strong></span> <span class='ocrx_word' id='word_1_186' title='bbox 1437 1660 1511 1690; x_wconf 90' lang='lat' dir='ltr'><strong>vos</strong></span> <span class='ocrx_word' id='word_1_187' title='bbox 1540 1646 1764 1690; x_wconf 88' lang='lat' dir='ltr'><strong>Neronem.</strong></span> <span class='ocrx_word' id='word_1_188' title='bbox 1804 1647 1944 1690; x_wconf 92' lang='lat' dir='ltr'><strong>minus</strong></span> 
     </span>
     <span class='ocr_line' id='line_1_22' title="bbox 165 1726 1944 1782; baseline 0 -11"><span class='ocrx_word' id='word_1_189' title='bbox 165 1727 346 1782; x_wconf 86' lang='lat' dir='ltr'><strong>triginta</strong></span> <span class='ocrx_word' id='word_1_190' title='bbox 381 1726 630 1782; x_wconf 82' lang='lat' dir='ltr'><strong>transfugae</strong></span> <span class='ocrx_word' id='word_1_191' title='bbox 665 1731 709 1771; x_wconf 90' lang='lat' dir='ltr'><strong>et</strong></span> <span class='ocrx_word' id='word_1_192' title='bbox 738 1728 996 1781; x_wconf 78' lang='lat' dir='ltr'><strong>desertores,</strong></span> <span class='ocrx_word' id='word_1_193' title='bbox 1036 1740 1141 1782; x_wconf 91' lang='lat' dir='ltr'><strong>quos</strong></span> <span class='ocrx_word' id='word_1_194' title='bbox 1172 1727 1458 1771; x_wconf 90' lang='lat' dir='ltr'><strong>centurionem</strong></span> <span class='ocrx_word' id='word_1_195' title='bbox 1493 1730 1570 1770; x_wconf 93' lang='lat' dir='ltr'><strong>aut</strong></span> <span class='ocrx_word' id='word_1_196' title='bbox 1606 1727 1824 1771; x_wconf 91' lang='lat' dir='ltr'><strong>tribunum</strong></span> <span class='ocrx_word' id='word_1_197' title='bbox 1862 1728 1944 1771; x_wconf 88' lang='lat' dir='ltr'><strong>sibi</strong></span> 
     </span>
     <span class='ocr_line' id='line_1_23' title="bbox 165 1806 1945 1863; baseline 0 -12"><span class='ocrx_word' id='word_1_198' title='bbox 165 1807 370 1862; x_wconf 64' lang='lat' dir='ltr'><strong>eligentes</strong></span> <span class='ocrx_word' id='word_1_199' title='bbox 408 1820 529 1851; x_wconf 92' lang='lat' dir='ltr'><strong>nemo</strong></span> <span class='ocrx_word' id='word_1_200' title='bbox 565 1806 716 1861; x_wconf 86' lang='lat' dir='ltr'><strong>ferret,</strong></span> <span class='ocrx_word' id='word_1_201' title='bbox 757 1807 980 1862; x_wconf 89' lang='lat' dir='ltr'><strong>imperium</strong></span> <span class='ocrx_word' id='word_1_202' title='bbox 1011 1807 1326 1862; x_wconf 86' lang='lat' dir='ltr'><strong>adsignabunt‘?</strong></span> <span class='ocrx_word' id='word_1_203' title='bbox 1366 1808 1595 1851; x_wconf 86' lang='lat' dir='ltr'><strong>admittitis</strong></span> <span class='ocrx_word' id='word_1_204' title='bbox 1625 1808 1861 1863; x_wconf 85' lang='lat' dir='ltr'><strong>exemplum</strong></span> <span class='ocrx_word' id='word_1_205' title='bbox 1901 1811 1945 1851; x_wconf 91' lang='lat' dir='ltr'><strong>et</strong></span> 
     </span>
     <span class='ocr_line' id='line_1_24' title="bbox 164 1887 1997 1944; baseline 0 -12"><span class='ocrx_word' id='word_1_206' title='bbox 164 1889 417 1944; x_wconf 65' lang='lat' dir='ltr'><strong>quiescendo</strong></span> <span class='ocrx_word' id='word_1_207' title='bbox 447 1901 664 1932; x_wconf 88' lang='lat' dir='ltr'><strong>commune</strong></span> <span class='ocrx_word' id='word_1_208' title='bbox 692 1888 849 1932; x_wconf 91' lang='lat' dir='ltr'><strong>crimen</strong></span> <span class='ocrx_word' id='word_1_209' title='bbox 877 1887 1050 1932; x_wconf 82' lang='lat' dir='ltr'><strong>facitis?</strong></span> <span class='ocrx_word' id='word_1_210' title='bbox 1079 1889 1352 1932; x_wconf 90' lang='lat' dir='ltr'><strong>transcendet</strong></span> <span class='ocrx_word' id='word_1_211' title='bbox 1379 1888 1485 1933; x_wconf 89' lang='lat' dir='ltr'><strong>haec</strong></span> <span class='ocrx_word' id='word_1_212' title='bbox 1508 1889 1681 1932; x_wconf 89' lang='lat' dir='ltr'><strong>licentia</strong></span> <span class='ocrx_word' id='word_1_213' title='bbox 1702 1889 1746 1932; x_wconf 92' lang='lat' dir='ltr'><strong>in</strong></span> <span class='ocrx_word' id='word_1_214' title='bbox 1771 1889 1941 1944; x_wconf 88' lang='lat' dir='ltr'><strong>provin·</strong></span> <span class='ocrx_word' id='word_1_215' title='bbox 1954 1901 1997 1932; x_wconf 82' lang='lat'><strong>20</strong></span> 
     </span>
    </p>
   </div>
   <div class='ocr_carea' id='block_1_5' title="bbox 163 2048 1940 2186">
    <p class='ocr_par' dir='ltr' id='par_1_5' title="bbox 163 2048 1940 2186">
     <span class='ocr_line' id='line_1_25' title="bbox 257 2048 1940 2094; baseline 0 -13"><span class='ocrx_word' id='word_1_216' title='bbox 257 2051 277 2081; x_wconf 78' lang='lat'>2</span> <span class='ocrx_word' id='word_1_217' title='bbox 308 2050 479 2082; x_wconf 69' lang='lat' dir='ltr'><strong>incruente</strong></span> <span class='ocrx_word' id='word_1_218' title='bbox 508 2054 617 2080; x_wconf 68' lang='lat' dir='ltr'><strong>notam</strong></span> <span class='ocrx_word' id='word_1_219' title='bbox 640 2049 717 2080; x_wconf 77' lang='lat' dir='ltr'><strong>add.</strong></span> <span class='ocrx_word' id='word_1_220' title='bbox 745 2050 798 2080; x_wconf 77' lang='lat' dir='ltr'><strong>2m</strong></span> <span class='ocrx_word' id='word_1_221' title='bbox 889 2051 909 2080; x_wconf 83' lang='lat'>3</span> <span class='ocrx_word' id='word_1_222' title='bbox 942 2060 979 2081; x_wconf 90' lang='lat' dir='ltr'><strong>re</strong></span> <span class='ocrx_word' id='word_1_223' title='bbox 1004 2050 1034 2093; x_wconf 81' lang='lat' dir='ltr'><strong>(s</strong></span> <span class='ocrx_word' id='word_1_224' title='bbox 1058 2059 1215 2090; x_wconf 65' lang='lat' dir='ltr'><strong>super-scr.</strong></span> <span class='ocrx_word' id='word_1_225' title='bbox 1241 2048 1307 2093; x_wconf 84' lang='lat' dir='ltr'><strong>2m)</strong></span> <span class='ocrx_word' id='word_1_226' title='bbox 1399 2050 1588 2092; x_wconf 67' lang='lat' dir='ltr'><strong>translatlss</strong></span> <span class='ocrx_word' id='word_1_227' title='bbox 1612 2048 1663 2094; x_wconf 72' lang='lat' dir='ltr'><strong>(us</strong></span> <span class='ocrx_word' id='word_1_228' title='bbox 1687 2051 1722 2081; x_wconf 75' lang='lat' dir='ltr'><strong>in</strong></span> <span class='ocrx_word' id='word_1_229' title='bbox 1742 2051 1806 2089; x_wconf 75' lang='lat' dir='ltr'><strong>fine</strong></span> <span class='ocrx_word' id='word_1_230' title='bbox 1829 2059 1940 2081; x_wconf 71' lang='lat' dir='ltr'><strong>versus</strong></span> 
     </span>
     <span class='ocr_line' id='line_1_26' title="bbox 163 2093 1940 2138; baseline 0.001 -11"><span class='ocrx_word' id='word_1_231' title='bbox 163 2095 243 2128; x_wconf 62' lang='lat' dir='ltr'><strong>aad</strong></span> <span class='ocrx_word' id='word_1_232' title='bbox 270 2093 334 2138; x_wconf 66' lang='lat' dir='ltr'><strong>ln)</strong></span> <span class='ocrx_word' id='word_1_233' title='bbox 403 2098 426 2129; x_wconf 69' lang='grc'><strong>4</strong></span> <span class='ocrx_word' id='word_1_234' title='bbox 458 2096 558 2127; x_wconf 84' lang='lat' dir='ltr'><strong>nichil</strong></span> <span class='ocrx_word' id='word_1_235' title='bbox 626 2097 647 2127; x_wconf 88' lang='lat'><strong>8</strong></span> <span class='ocrx_word' id='word_1_236' title='bbox 683 2100 826 2127; x_wconf 83' lang='lat' dir='ltr'><strong>meretur</strong></span> <span class='ocrx_word' id='word_1_237' title='bbox 849 2094 1025 2126; x_wconf 65' lang='lat' dir='ltr'><strong>Acidalia-2</strong></span> <span class='ocrx_word' id='word_1_238' title='bbox 1095 2096 1204 2136; x_wconf 83' lang='lat' dir='ltr'><strong>specie</strong></span> <span class='ocrx_word' id='word_1_239' title='bbox 1227 2096 1420 2127; x_wconf 71' lang='lat' dir='ltr'><strong>Rhenanus:</strong></span> <span class='ocrx_word' id='word_1_240' title='bbox 1443 2096 1553 2136; x_wconf 67' lang='lat' dir='ltr'><strong>specie</strong></span> <span class='ocrx_word' id='word_1_241' title='bbox 1634 2098 1654 2128; x_wconf 78' lang='lat'>9</span> <span class='ocrx_word' id='word_1_242' title='bbox 1686 2097 1940 2128; x_wconf 78' lang='lat' dir='ltr'><strong>comessationes</strong></span> 
     </span>
     <span class='ocr_line' id='line_1_27' title="bbox 166 2139 1543 2186; baseline 0 -12"><span class='ocrx_word' id='word_1_243' title='bbox 166 2145 208 2174; x_wconf 85' lang='lat'><strong>11</strong></span> <span class='ocrx_word' id='word_1_244' title='bbox 233 2141 309 2182; x_wconf 81' lang='lat' dir='ltr'><strong>dee;</strong></span> <span class='ocrx_word' id='word_1_245' title='bbox 333 2140 431 2186; x_wconf 76' lang='lat' dir='ltr'><strong>(eor-r.</strong></span> <span class='ocrx_word' id='word_1_246' title='bbox 456 2139 521 2185; x_wconf 65' lang='lat' dir='ltr'><strong>zm)</strong></span> <span class='ocrx_word' id='word_1_247' title='bbox 595 2143 638 2173; x_wconf 76' lang='lat'><strong>14</strong></span> <span class='ocrx_word' id='word_1_248' title='bbox 661 2151 759 2181; x_wconf 58' lang='lat' dir='ltr'><strong>resp.</strong></span> <span class='ocrx_word' id='word_1_249' title='bbox 830 2151 917 2173; x_wconf 71' lang='lat' dir='ltr'><strong>vana</strong></span> <span class='ocrx_word' id='word_1_250' title='bbox 941 2142 1015 2173; x_wconf 76' lang='lat' dir='ltr'><strong>dett.</strong></span> <span class='ocrx_word' id='word_1_251' title='bbox 1087 2144 1129 2174; x_wconf 79' lang='lat'><strong>16</strong></span> <span class='ocrx_word' id='word_1_252' title='bbox 1152 2142 1217 2173; x_wconf 84' lang='lat' dir='ltr'><strong>fide</strong></span> <span class='ocrx_word' id='word_1_253' title='bbox 1288 2143 1331 2174; x_wconf 82' lang='lat'><strong>20</strong></span> <span class='ocrx_word' id='word_1_254' title='bbox 1354 2142 1543 2174; x_wconf 78' lang='lat' dir='ltr'><strong>trascendet</strong></span> 
     </span>
    </p>
   </div>
   <div class='ocr_carea' id='block_1_6' title="bbox 157 2299 1938 3425">
    <p class='ocr_par' dir='ltr' id='par_1_6' title="bbox 157 2299 1938 3027">
     <span class='ocr_line' id='line_1_28' title="bbox 157 2299 1938 2346; baseline -0.001 -13"><span class='ocrx_word' id='word_1_255' title='bbox 157 2301 304 2342; x_wconf 58' lang='lat' dir='ltr'><strong>prod-u*</strong></span> <span class='ocrx_word' id='word_1_256' title='bbox 322 2299 437 2346; x_wconf 63' lang='lat' dir='ltr'><strong>moen]</strong></span> <span class='ocrx_word' id='word_1_257' title='bbox 462 2311 523 2342; x_wconf 86' lang='lat' dir='ltr'><strong>per</strong></span> <span class='ocrx_word' id='word_1_258' title='bbox 544 2311 640 2342; x_wconf 86' lang='lat' dir='ltr'><strong>quem</strong></span> <span class='ocrx_word' id='word_1_259' title='bbox 657 2301 781 2332; x_wconf 85' lang='lat' dir='ltr'><strong>Neroni</strong></span> <span class='ocrx_word' id='word_1_260' title='bbox 805 2301 930 2332; x_wconf 81' lang='lat' dir='ltr'><strong>deiecto</strong></span> <span class='ocrx_word' id='word_1_261' title='bbox 954 2300 1029 2332; x_wconf 86' lang='lat' dir='ltr'><strong>sub·</strong></span> <span class='ocrx_word' id='word_1_262' title='bbox 1065 2300 1269 2333; x_wconf 79' lang='lat' dir='ltr'><strong>simularet.“</strong></span> <span class='ocrx_word' id='word_1_263' title='bbox 1294 2319 1339 2324; x_wconf 93' lang='lat'>—</span> <span class='ocrx_word' id='word_1_264' title='bbox 1362 2302 1547 2343; x_wconf 61' lang='lat' dir='ltr'><strong>mer-cretae]</strong></span> <span class='ocrx_word' id='word_1_265' title='bbox 1574 2302 1603 2334; x_wconf 87' lang='lat' dir='ltr'><strong>si</strong></span> <span class='ocrx_word' id='word_1_266' title='bbox 1623 2302 1786 2343; x_wconf 76' lang='lat' dir='ltr'><strong>scriptura</strong></span> <span class='ocrx_word' id='word_1_267' title='bbox 1809 2301 1938 2342; x_wconf 64' lang='lat' dir='ltr'><strong>integra</strong></span> 
     </span>
     <span class='ocr_line' id='line_1_29' title="bbox 164 2356 1935 2403; baseline -0.001 -12"><span class='ocrx_word' id='word_1_268' title='bbox 164 2359 297 2391; x_wconf 79' lang='lat' dir='ltr'><strong>stitutus</strong></span> <span class='ocrx_word' id='word_1_269' title='bbox 313 2359 429 2391; x_wconf 51' lang='lat' dir='ltr'><strong>Galba</strong></span> <span class='ocrx_word' id='word_1_270' title='bbox 455 2360 593 2391; x_wconf 65' lang='lat' dir='ltr'><strong>Dtmmw.</strong></span> <span class='ocrx_word' id='word_1_271' title='bbox 620 2377 663 2382; x_wconf 87' lang='lat'>—</span> <span class='ocrx_word' id='word_1_272' title='bbox 687 2359 885 2389; x_wconf 52' lang='lat' dir='ltr'><strong>incruentam</strong></span> <span class='ocrx_word' id='word_1_273' title='bbox 908 2356 1028 2403; x_wconf 77' lang='lat' dir='ltr'><strong>urbem]</strong></span> <span class='ocrx_word' id='word_1_274' title='bbox 1064 2362 1132 2398; x_wconf 81' lang='lat' dir='ltr'><strong>est,</strong></span> <span class='ocrx_word' id='word_1_275' title='bbox 1166 2357 1320 2399; x_wconf 81' lang='lat' dir='ltr'><strong>intellege</strong></span> <span class='ocrx_word' id='word_1_276' title='bbox 1344 2359 1597 2391; x_wconf 68' lang='lat' dir='ltr'><strong>deliberativum</strong></span> <span class='ocrx_word' id='word_1_277' title='bbox 1628 2360 1684 2391; x_wconf 82' lang='lat' dir='ltr'><strong>vel</strong></span> <span class='ocrx_word' id='word_1_278' title='bbox 1715 2358 1935 2390; x_wconf 77' lang='lat' dir='ltr'><strong>dubitativum</strong></span> 
     </span>
     <span class='ocr_line' id='line_1_30' title="bbox 164 2415 1936 2456; baseline -0.002 -7"><span class='ocrx_word' id='word_1_279' title='bbox 164 2415 415 2449; x_wconf 67' lang='lat' dir='ltr'><strong>classiariorum</strong></span> <span class='ocrx_word' id='word_1_280' title='bbox 449 2416 526 2447; x_wconf 84' lang='lat' dir='ltr'><strong>vn.</strong></span> <span class='ocrx_word' id='word_1_281' title='bbox 559 2417 651 2448; x_wconf 74' lang='lat' dir='ltr'><strong>milis</strong></span> <span class='ocrx_word' id='word_1_282' title='bbox 685 2415 793 2447; x_wconf 57' lang='lat' dir='ltr'><strong>Galba</strong></span> <span class='ocrx_word' id='word_1_283' title='bbox 827 2415 943 2446; x_wconf 86' lang='lat' dir='ltr'><strong>urbem</strong></span> <span class='ocrx_word' id='word_1_284' title='bbox 979 2416 1029 2446; x_wconf 88' lang='lat' dir='ltr'><strong>in·</strong></span> <span class='ocrx_word' id='word_1_285' title='bbox 1063 2417 1231 2456; x_wconf 68' lang='lat' dir='ltr'><strong>praeteriti</strong></span> <span class='ocrx_word' id='word_1_286' title='bbox 1265 2418 1441 2456; x_wconf 83' lang='lat' dir='ltr'><strong>temporis:</strong></span> <span class='ocrx_word' id='word_1_287' title='bbox 1478 2417 1582 2449; x_wconf 87' lang='lat' dir='ltr'><strong>Sollte</strong></span> <span class='ocrx_word' id='word_1_288' title='bbox 1618 2427 1653 2448; x_wconf 88' lang='lat' dir='ltr'><strong>er</strong></span> <span class='ocrx_word' id='word_1_289' title='bbox 1688 2416 1841 2448; x_wconf 88' lang='lat' dir='ltr'><strong>verdient</strong></span> <span class='ocrx_word' id='word_1_290' title='bbox 1878 2416 1936 2447; x_wconf 82' lang='lat' dir='ltr'><strong>ha-</strong></span> 
     </span>
     <span class='ocr_line' id='line_1_31' title="bbox 162 2473 1935 2515; baseline -0.001 -9"><span class='ocrx_word' id='word_1_291' title='bbox 162 2477 271 2506; x_wconf 69' lang='lat' dir='ltr'><strong>tnnte</strong></span> <span class='ocrx_word' id='word_1_292' title='bbox 294 2475 402 2506; x_wconf 70' lang='lat' dir='ltr'><strong>oeeiss</strong></span> <span class='ocrx_word' id='word_1_293' title='bbox 424 2485 491 2506; x_wconf 89' lang='lat' dir='ltr'><strong>non</strong></span> <span class='ocrx_word' id='word_1_294' title='bbox 507 2477 700 2515; x_wconf 74' lang='lat' dir='ltr'><strong>computans</strong></span> <span class='ocrx_word' id='word_1_295' title='bbox 723 2473 786 2504; x_wconf 85' lang='lat' dir='ltr'><strong>hoe</strong></span> <span class='ocrx_word' id='word_1_296' title='bbox 803 2473 881 2504; x_wconf 88' lang='lat' dir='ltr'><strong>dicit</strong></span> <span class='ocrx_word' id='word_1_297' title='bbox 903 2473 1028 2505; x_wconf 78' lang='lat' dir='ltr'><strong>nullam</strong></span> <span class='ocrx_word' id='word_1_298' title='bbox 1063 2473 1153 2504; x_wconf 85' lang='lat' dir='ltr'><strong>ben?</strong></span> <span class='ocrx_word' id='word_1_299' title='bbox 1176 2491 1221 2497; x_wconf 90' lang='lat'><strong>—</strong></span> <span class='ocrx_word' id='word_1_300' title='bbox 1236 2474 1414 2514; x_wconf 68' lang='lat' dir='ltr'><strong>fanantur,</strong></span> <span class='ocrx_word' id='word_1_301' title='bbox 1437 2474 1549 2514; x_wconf 70' lang='lat' dir='ltr'><strong>qm‘bus</strong></span> <span class='ocrx_word' id='word_1_302' title='bbox 1573 2492 1617 2498; x_wconf 93' lang='lat'>—</span> <span class='ocrx_word' id='word_1_303' title='bbox 1640 2473 1774 2514; x_wconf 74' lang='lat' dir='ltr'><strong>inponit]</strong></span> <span class='ocrx_word' id='word_1_304' title='bbox 1801 2473 1935 2513; x_wconf 82' lang='lat' dir='ltr'><strong>egregie</strong></span> 
     </span>
     <span class='ocr_line' id='line_1_32' title="bbox 162 2531 1935 2572; baseline -0.002 -8"><span class='ocrx_word' id='word_1_305' title='bbox 162 2531 249 2564; x_wconf 77' lang='lat' dir='ltr'><strong>inter</strong></span> <span class='ocrx_word' id='word_1_306' title='bbox 282 2535 411 2572; x_wconf 69' lang='lat' dir='ltr'><strong>togatos</strong></span> <span class='ocrx_word' id='word_1_307' title='bbox 444 2532 577 2564; x_wconf 59' lang='lat' dir='ltr'><strong>eaedem</strong></span> <span class='ocrx_word' id='word_1_308' title='bbox 612 2534 834 2572; x_wconf 67' lang='lat' dir='ltr'><strong>perpetratam</strong></span> <span class='ocrx_word' id='word_1_309' title='bbox 869 2540 951 2562; x_wconf 86' lang='lat' dir='ltr'><strong>esse.</strong></span> <span class='ocrx_word' id='word_1_310' title='bbox 985 2549 1028 2554; x_wconf 94' lang='lat'><strong>—-</strong></span> <span class='ocrx_word' id='word_1_311' title='bbox 1063 2531 1250 2572; x_wconf 73' lang='lat' dir='ltr'><strong>concordat,</strong></span> <span class='ocrx_word' id='word_1_312' title='bbox 1275 2534 1409 2563; x_wconf 70' lang='lat' dir='ltr'><strong>notante</strong></span> <span class='ocrx_word' id='word_1_313' title='bbox 1426 2531 1611 2571; x_wconf 73' lang='lat' dir='ltr'><strong>Wusthem,</strong></span> <span class='ocrx_word' id='word_1_314' title='bbox 1637 2531 1720 2561; x_wconf 83' lang='lat' dir='ltr'><strong>Plin.</strong></span> <span class='ocrx_word' id='word_1_315' title='bbox 1739 2531 1824 2570; x_wconf 86' lang='lat' dir='ltr'><strong>Epp.</strong></span> <span class='ocrx_word' id='word_1_316' title='bbox 1846 2532 1877 2569; x_wconf 78' lang='lat'><strong>2,</strong></span> <span class='ocrx_word' id='word_1_317' title='bbox 1895 2531 1935 2562; x_wconf 79' lang='lat'><strong>6:</strong></span> 
     </span>
     <span class='ocr_line' id='line_1_33' title="bbox 162 2587 1935 2630; baseline -0.002 -9"><span class='ocrx_word' id='word_1_318' title='bbox 162 2598 203 2620; x_wconf 75' lang='lat' dir='ltr'><strong>ne</strong></span> <span class='ocrx_word' id='word_1_319' title='bbox 226 2594 303 2629; x_wconf 72' lang='lat' dir='ltr'><strong>post</strong></span> <span class='ocrx_word' id='word_1_320' title='bbox 334 2588 473 2621; x_wconf 72' lang='lat' dir='ltr'><strong>Galbam</strong></span> <span class='ocrx_word' id='word_1_321' title='bbox 504 2589 639 2630; x_wconf 69' lang='lat' dir='ltr'><strong>quidem]</strong></span> <span class='ocrx_word' id='word_1_322' title='bbox 677 2589 742 2628; x_wconf 80' lang='lat' dir='ltr'><strong>„de</strong></span> <span class='ocrx_word' id='word_1_323' title='bbox 775 2588 867 2619; x_wconf 82' lang='lat' dir='ltr'><strong>onius</strong></span> <span class='ocrx_word' id='word_1_324' title='bbox 902 2597 1029 2619; x_wconf 82' lang='lat' dir='ltr'><strong>sucees-</strong></span> <span class='ocrx_word' id='word_1_325' title='bbox 1063 2588 1114 2618; x_wconf 84' lang='lat' dir='ltr'><strong>Ne</strong></span> <span class='ocrx_word' id='word_1_326' title='bbox 1135 2587 1210 2627; x_wconf 64' lang='lat' dir='ltr'><strong>trzi,</strong></span> <span class='ocrx_word' id='word_1_327' title='bbox 1236 2589 1373 2628; x_wconf 73' lang='lat' dir='ltr'><strong>optimae</strong></span> <span class='ocrx_word' id='word_1_328' title='bbox 1395 2588 1513 2620; x_wconf 67' lang='lat' dir='ltr'><strong>indolis</strong></span> <span class='ocrx_word' id='word_1_329' title='bbox 1535 2588 1650 2627; x_wconf 77' lang='lat' dir='ltr'><strong>iuveni,</strong></span> <span class='ocrx_word' id='word_1_330' title='bbox 1682 2588 1879 2627; x_wconf 72' lang='lat' dir='ltr'><strong>quorundam</strong></span> <span class='ocrx_word' id='word_1_331' title='bbox 1902 2588 1935 2617; x_wconf 74' lang='lat' dir='ltr'><strong>in</strong></span> 
     </span>
     <span class='ocr_line' id='line_1_34' title="bbox 163 2645 1933 2687; baseline -0.002 -9"><span class='ocrx_word' id='word_1_332' title='bbox 163 2647 266 2686; x_wconf 86' lang='lat' dir='ltr'><strong>sione,</strong></span> <span class='ocrx_word' id='word_1_333' title='bbox 289 2647 353 2678; x_wconf 85' lang='lat' dir='ltr'><strong>nisi</strong></span> <span class='ocrx_word' id='word_1_334' title='bbox 375 2656 428 2678; x_wconf 91' lang='lat' dir='ltr'><strong>me</strong></span> <span class='ocrx_word' id='word_1_335' title='bbox 451 2647 660 2687; x_wconf 66' lang='lat' dir='ltr'><strong>adoptasset,</strong></span> <span class='ocrx_word' id='word_1_336' title='bbox 685 2647 755 2677; x_wconf 86' lang='lat' dir='ltr'><strong>sine</strong></span> <span class='ocrx_word' id='word_1_337' title='bbox 780 2645 878 2676; x_wconf 88' lang='lat' dir='ltr'><strong>dubio</strong></span> <span class='ocrx_word' id='word_1_338' title='bbox 902 2645 1027 2676; x_wconf 88' lang='lat' dir='ltr'><strong>bellum</strong></span> <span class='ocrx_word' id='word_1_339' title='bbox 1063 2655 1172 2676; x_wconf 77' lang='lat' dir='ltr'><strong>mensa</strong></span> <span class='ocrx_word' id='word_1_340' title='bbox 1201 2645 1332 2676; x_wconf 74' lang='lat' dir='ltr'><strong>luxuria</strong></span> <span class='ocrx_word' id='word_1_341' title='bbox 1364 2645 1467 2686; x_wconf 71' lang='lat' dir='ltr'><strong>specie</strong></span> <span class='ocrx_word' id='word_1_342' title='bbox 1490 2645 1699 2685; x_wconf 71' lang='lat' dir='ltr'><strong>fi-uyalitatis</strong></span> <span class='ocrx_word' id='word_1_343' title='bbox 1720 2645 1864 2684; x_wconf 74' lang='lat' dir='ltr'><strong>inponat.</strong></span> <span class='ocrx_word' id='word_1_344' title='bbox 1888 2662 1933 2667; x_wconf 89' lang='lat'>—</span> 
     </span>
     <span class='ocr_line' id='line_1_35' title="bbox 163 2700 1933 2746; baseline -0.002 -10"><span class='ocrx_word' id='word_1_345' title='bbox 163 2703 262 2736; x_wconf 75' lang='lat' dir='ltr'><strong>civile</strong></span> <span class='ocrx_word' id='word_1_346' title='bbox 285 2707 391 2735; x_wconf 79' lang='lat' dir='ltr'><strong>ortum</strong></span> <span class='ocrx_word' id='word_1_347' title='bbox 415 2705 536 2736; x_wconf 56' lang='grc' dir='ltr'><strong>ἴοι-φῖ]ι</strong></span> <span class='ocrx_word' id='word_1_348' title='bbox 584 2703 813 2735; x_wconf 62' lang='lat' dir='ltr'><strong>Germaniam</strong></span> <span class='ocrx_word' id='word_1_349' title='bbox 834 2703 1028 2735; x_wconf 79' lang='lat' dir='ltr'><strong>seditionem</strong></span> <span class='ocrx_word' id='word_1_350' title='bbox 1062 2713 1166 2734; x_wconf 76' lang='lat' dir='ltr'><strong>vacua</strong></span> <span class='ocrx_word' id='word_1_351' title='bbox 1188 2700 1332 2746; x_wconf 80' lang='lat' dir='ltr'><strong>nomina]</strong></span> <span class='ocrx_word' id='word_1_352' title='bbox 1367 2703 1440 2734; x_wconf 83' lang='lat' dir='ltr'><strong>Hoc</strong></span> <span class='ocrx_word' id='word_1_353' title='bbox 1475 2712 1553 2733; x_wconf 74' lang='lat' dir='ltr'><strong>sune</strong></span> <span class='ocrx_word' id='word_1_354' title='bbox 1585 2702 1691 2733; x_wconf 75' lang='lat' dir='ltr'><strong>rarius</strong></span> <span class='ocrx_word' id='word_1_355' title='bbox 1713 2711 1810 2741; x_wconf 73' lang='lat' dir='ltr'><strong>quam</strong></span> <span class='ocrx_word' id='word_1_356' title='bbox 1834 2711 1933 2740; x_wconf 78' lang='lat' dir='ltr'><strong>vana,</strong></span> 
     </span>
     <span class='ocr_line' id='line_1_36' title="bbox 162 2758 1931 2813; baseline -0.002 -21"><span class='ocrx_word' id='word_1_357' title='bbox 162 2761 258 2794; x_wconf 66' lang='lat' dir='ltr'><strong>heile</strong></span> <span class='ocrx_word' id='word_1_358' title='bbox 288 2771 483 2802; x_wconf 78' lang='lat' dir='ltr'><strong>oppressum</strong></span> <span class='ocrx_word' id='word_1_359' title='bbox 517 2762 557 2792; x_wconf 88' lang='lat' dir='ltr'><strong>iri</strong></span> <span class='ocrx_word' id='word_1_360' title='bbox 586 2761 740 2801; x_wconf 73' lang='lat' dir='ltr'><strong>opinatus</strong></span> <span class='ocrx_word' id='word_1_361' title='bbox 773 2761 869 2791; x_wconf 82' lang='lat' dir='ltr'><strong>huius</strong></span> <span class='ocrx_word' id='word_1_362' title='bbox 903 2761 1026 2791; x_wconf 80' lang='lat' dir='ltr'><strong>nnllam</strong></span> <span class='ocrx_word' id='word_1_363' title='bbox 1043 2783 1047 2813; x_wconf 74' lang='grc'>1</span> <span class='ocrx_word' id='word_1_364' title='bbox 1062 2760 1148 2798; x_wconf 88' lang='lat' dir='ltr'><strong>quod</strong></span> <span class='ocrx_word' id='word_1_365' title='bbox 1173 2769 1191 2790; x_wconf 90' lang='lat' dir='ltr'><strong>e</strong></span> <span class='ocrx_word' id='word_1_366' title='bbox 1215 2760 1314 2799; x_wconf 82' lang='lat' dir='ltr'><strong>gloss.</strong></span> <span class='ocrx_word' id='word_1_367' title='bbox 1340 2759 1550 2791; x_wconf 81' lang='lat' dir='ltr'><strong>substitutum</strong></span> <span class='ocrx_word' id='word_1_368' title='bbox 1574 2763 1634 2798; x_wconf 81' lang='lat' dir='ltr'><strong>est,</strong></span> <span class='ocrx_word' id='word_1_369' title='bbox 1661 2761 1693 2790; x_wconf 85' lang='lat' dir='ltr'><strong>et</strong></span> <span class='ocrx_word' id='word_1_370' title='bbox 1707 2759 1822 2789; x_wconf 57' lang='lat' dir='ltr'><strong>immin</strong></span> <span class='ocrx_word' id='word_1_371' title='bbox 1838 2758 1882 2789; x_wconf 78' lang='lat' dir='ltr'><strong>H.</strong></span> <span class='ocrx_word' id='word_1_372' title='bbox 1899 2760 1931 2797; x_wconf 80' lang='lat'><strong>4,</strong></span> 
     </span>
     <span class='ocr_line' id='line_1_37' title="bbox 162 2815 1931 2859; baseline -0.002 -8"><span class='ocrx_word' id='word_1_373' title='bbox 162 2818 295 2850; x_wconf 75' lang='lat' dir='ltr'><strong>omnino</strong></span> <span class='ocrx_word' id='word_1_374' title='bbox 324 2819 522 2851; x_wconf 83' lang='lat' dir='ltr'><strong>mentionem</strong></span> <span class='ocrx_word' id='word_1_375' title='bbox 553 2818 665 2859; x_wconf 78' lang='lat' dir='ltr'><strong>inicit3</strong></span> <span class='ocrx_word' id='word_1_376' title='bbox 700 2818 819 2849; x_wconf 86' lang='lat' dir='ltr'><strong>etenim</strong></span> <span class='ocrx_word' id='word_1_377' title='bbox 851 2828 907 2848; x_wconf 82' lang='lat' dir='ltr'><strong>vv.</strong></span> <span class='ocrx_word' id='word_1_378' title='bbox 931 2817 1026 2856; x_wconf 69' lang='lat' dir='ltr'><strong>leyio-</strong></span> <span class='ocrx_word' id='word_1_379' title='bbox 1065 2819 1116 2847; x_wconf 78' lang='lat'><strong>14.</strong></span> <span class='ocrx_word' id='word_1_380' title='bbox 1166 2816 1308 2848; x_wconf 77' lang='lat' dir='ltr'><strong>Sensus:</strong></span> <span class='ocrx_word' id='word_1_381' title='bbox 1334 2817 1392 2856; x_wconf 84' lang='lat' dir='ltr'><strong>„Si</strong></span> <span class='ocrx_word' id='word_1_382' title='bbox 1414 2820 1547 2848; x_wconf 77' lang='lat' dir='ltr'><strong>senatus</strong></span> <span class='ocrx_word' id='word_1_383' title='bbox 1571 2820 1604 2848; x_wconf 89' lang='lat' dir='ltr'><strong>et</strong></span> <span class='ocrx_word' id='word_1_384' title='bbox 1626 2817 1766 2856; x_wconf 84' lang='lat' dir='ltr'><strong>populus</strong></span> <span class='ocrx_word' id='word_1_385' title='bbox 1791 2815 1855 2847; x_wconf 79' lang='lat' dir='ltr'><strong>ism</strong></span> <span class='ocrx_word' id='word_1_386' title='bbox 1872 2816 1931 2847; x_wconf 85' lang='lat' dir='ltr'><strong>im·</strong></span> 
     </span>
     <span class='ocr_line' id='line_1_38' title="bbox 160 2873 1932 2915; baseline -0.002 -8"><span class='ocrx_word' id='word_1_387' title='bbox 160 2885 234 2907; x_wconf 61' lang='lat' dir='ltr'><strong>aa}</strong></span> <span class='ocrx_word' id='word_1_388' title='bbox 256 2876 369 2908; x_wconf 62' lang='lat' dir='ltr'><strong>nm</strong></span> <span class='ocrx_word' id='word_1_389' title='bbox 392 2893 436 2900; x_wconf 93' lang='lat'>—</span> <span class='ocrx_word' id='word_1_390' title='bbox 459 2875 635 2915; x_wconf 77' lang='lat' dir='ltr'><strong>aliquando</strong></span> <span class='ocrx_word' id='word_1_391' title='bbox 659 2876 843 2915; x_wconf 70' lang='lat' dir='ltr'><strong>generalem</strong></span> <span class='ocrx_word' id='word_1_392' title='bbox 859 2876 1029 2907; x_wconf 85' lang='lat' dir='ltr'><strong>continent</strong></span> <span class='ocrx_word' id='word_1_393' title='bbox 1061 2874 1174 2913; x_wconf 86' lang='lat' dir='ltr'><strong>pedire</strong></span> <span class='ocrx_word' id='word_1_394' title='bbox 1191 2878 1367 2913; x_wconf 84' lang='lat' dir='ltr'><strong>nequeunt,</strong></span> <span class='ocrx_word' id='word_1_395' title='bbox 1391 2874 1564 2913; x_wconf 77' lang='lat' dir='ltr'><strong>quominus</strong></span> <span class='ocrx_word' id='word_1_396' title='bbox 1587 2875 1643 2905; x_wconf 86' lang='lat' dir='ltr'><strong>vel</strong></span> <span class='ocrx_word' id='word_1_397' title='bbox 1664 2874 1827 2913; x_wconf 81' lang='lat' dir='ltr'><strong>pessimus</strong></span> <span class='ocrx_word' id='word_1_398' title='bbox 1844 2873 1932 2912; x_wconf 81' lang='lat' dir='ltr'><strong>quis-</strong></span> 
     </span>
     <span class='ocr_line' id='line_1_39' title="bbox 163 2931 1931 2971; baseline -0.002 -7"><span class='ocrx_word' id='word_1_399' title='bbox 163 2933 367 2965; x_wconf 74' lang='lat' dir='ltr'><strong>sententinm.</strong></span> <span class='ocrx_word' id='word_1_400' title='bbox 1061 2940 1123 2970; x_wconf 90' lang='lat' dir='ltr'><strong>que</strong></span> <span class='ocrx_word' id='word_1_401' title='bbox 1147 2931 1332 2971; x_wconf 72' lang='lat' dir='ltr'><strong>principatu</strong></span> <span class='ocrx_word' id='word_1_402' title='bbox 1354 2931 1509 2971; x_wconf 69' lang='lat' dir='ltr'><strong>potiatur,</strong></span> <span class='ocrx_word' id='word_1_403' title='bbox 1534 2933 1646 2962; x_wconf 72' lang='lat' dir='ltr'><strong>vestra</strong></span> <span class='ocrx_word' id='word_1_404' title='bbox 1662 2931 1810 2970; x_wconf 82' lang='lat' dir='ltr'><strong>interest,</strong></span> <span class='ocrx_word' id='word_1_405' title='bbox 1836 2939 1931 2970; x_wconf 70' lang='lat' dir='ltr'><strong>prse-</strong></span> 
     </span>
     <span class='ocr_line' id='line_1_40' title="bbox 1060 2987 1930 3027; baseline 0 -9"><span class='ocrx_word' id='word_1_406' title='bbox 1060 2988 1179 3019; x_wconf 74' lang='lat' dir='ltr'><strong>torieni</strong></span> <span class='ocrx_word' id='word_1_407' title='bbox 1192 3011 1200 3027; x_wconf 84' lang='lat'>,</span> <span class='ocrx_word' id='word_1_408' title='bbox 1234 2988 1320 3018; x_wconf 72' lang='lat' dir='ltr'><strong>mulo</strong></span> <span class='ocrx_word' id='word_1_409' title='bbox 1352 2987 1428 3019; x_wconf 87' lang='lat' dir='ltr'><strong>huie</strong></span> <span class='ocrx_word' id='word_1_410' title='bbox 1460 2987 1641 3027; x_wconf 82' lang='lat' dir='ltr'><strong>obsistere,</strong></span> <span class='ocrx_word' id='word_1_411' title='bbox 1678 2988 1765 3027; x_wconf 84' lang='lat' dir='ltr'><strong>qnod</strong></span> <span class='ocrx_word' id='word_1_412' title='bbox 1798 2987 1833 3018; x_wconf 87' lang='lat' dir='ltr'><strong>in</strong></span> <span class='ocrx_word' id='word_1_413' title='bbox 1867 2997 1930 3019; x_wconf 82' lang='lat' dir='ltr'><strong>vos</strong></span> 
     </span>
    </p>

    <p class='ocr_par' dir='ltr' id='par_1_7' title="bbox 160 3044 1931 3372">
     <span class='ocr_line' id='line_1_41' title="bbox 210 3044 1931 3088; baseline -0.002 -9"><span class='ocrx_word' id='word_1_414' title='bbox 210 3046 263 3078; x_wconf 71' lang='lat'><strong>80.</strong></span> <span class='ocrx_word' id='word_1_415' title='bbox 293 3046 410 3088; x_wconf 73' lang='lat' dir='ltr'><strong>relatu]</strong></span> <span class='ocrx_word' id='word_1_416' title='bbox 445 3047 555 3079; x_wconf 81' lang='lat' dir='ltr'><strong>Germ.</strong></span> <span class='ocrx_word' id='word_1_417' title='bbox 581 3048 601 3078; x_wconf 80' lang='grc'><strong>8</strong></span> <span class='ocrx_word' id='word_1_418' title='bbox 633 3046 797 3086; x_wconf 68' lang='lat' dir='ltr'><strong>emim,</strong></span> <span class='ocrx_word' id='word_1_419' title='bbox 822 3055 955 3086; x_wconf 74' lang='lat' dir='ltr'><strong>quorum</strong></span> <span class='ocrx_word' id='word_1_420' title='bbox 978 3055 1027 3076; x_wconf 81' lang='lat' dir='ltr'><strong>re-</strong></span> <span class='ocrx_word' id='word_1_421' title='bbox 1059 3045 1150 3084; x_wconf 82' lang='lat' dir='ltr'><strong>ipsos</strong></span> <span class='ocrx_word' id='word_1_422' title='bbox 1190 3045 1395 3084; x_wconf 76' lang='lat' dir='ltr'><strong>potissimum</strong></span> <span class='ocrx_word' id='word_1_423' title='bbox 1434 3044 1691 3076; x_wconf 72' lang='lat' dir='ltr'><strong>redundaturum</strong></span> <span class='ocrx_word' id='word_1_424' title='bbox 1730 3046 1852 3076; x_wconf 84' lang='lat' dir='ltr'><strong>esset.“</strong></span> <span class='ocrx_word' id='word_1_425' title='bbox 1886 3061 1931 3068; x_wconf 93' lang='lat'><strong>-—</strong></span> 
     </span>
     <span class='ocr_line' id='line_1_42' title="bbox 163 3100 1930 3143; baseline -0.001 -9"><span class='ocrx_word' id='word_1_426' title='bbox 163 3100 242 3134; x_wconf 62' lang='lat' dir='ltr'><strong>lah.</strong></span> <span class='ocrx_word' id='word_1_427' title='bbox 264 3104 461 3136; x_wconf 67' lang='lat' dir='ltr'><strong>voe-bulum</strong></span> <span class='ocrx_word' id='word_1_428' title='bbox 484 3108 552 3143; x_wconf 85' lang='lat' dir='ltr'><strong>est,</strong></span> <span class='ocrx_word' id='word_1_429' title='bbox 577 3104 665 3143; x_wconf 86' lang='lat' dir='ltr'><strong>qnod</strong></span> <span class='ocrx_word' id='word_1_430' title='bbox 688 3107 764 3135; x_wconf 70' lang='lat' dir='ltr'><strong>ente</strong></span> <span class='ocrx_word' id='word_1_431' title='bbox 788 3104 936 3135; x_wconf 64' lang='lat' dir='ltr'><strong>Tacitum</strong></span> <span class='ocrx_word' id='word_1_432' title='bbox 961 3112 1025 3133; x_wconf 91' lang='lat' dir='ltr'><strong>non</strong></span> <span class='ocrx_word' id='word_1_433' title='bbox 1059 3100 1262 3132; x_wconf 71' lang='lat' dir='ltr'><strong>transcendet</strong></span> <span class='ocrx_word' id='word_1_434' title='bbox 1297 3101 1376 3132; x_wconf 77' lang='lat' dir='ltr'><strong>haec</strong></span> <span class='ocrx_word' id='word_1_435' title='bbox 1410 3100 1552 3143; x_wconf 63' lang='lat' dir='ltr'><strong>licentis-⁸]</strong></span> <span class='ocrx_word' id='word_1_436' title='bbox 1591 3101 1653 3133; x_wconf 82' lang='lat' dir='ltr'><strong>Bis</strong></span> <span class='ocrx_word' id='word_1_437' title='bbox 1690 3100 1802 3132; x_wconf 82' lang='lat' dir='ltr'><strong>verbis</strong></span> <span class='ocrx_word' id='word_1_438' title='bbox 1837 3111 1930 3141; x_wconf 73' lang='lat' dir='ltr'><strong>pree—</strong></span> 
     </span>
     <span class='ocr_line' id='line_1_43' title="bbox 163 3158 1930 3202; baseline -0.001 -11"><span class='ocrx_word' id='word_1_439' title='bbox 163 3161 322 3200; x_wconf 60' lang='lat' dir='ltr'><strong>nudun-</strong></span> <span class='ocrx_word' id='word_1_440' title='bbox 345 3165 378 3194; x_wconf 89' lang='lat' dir='ltr'><strong>et</strong></span> <span class='ocrx_word' id='word_1_441' title='bbox 401 3172 421 3193; x_wconf 82' lang='grc' dir='ltr'>ι</span> <span class='ocrx_word' id='word_1_442' title='bbox 435 3162 541 3202; x_wconf 84' lang='lat' dir='ltr'><strong>poetis</strong></span> <span class='ocrx_word' id='word_1_443' title='bbox 564 3161 756 3202; x_wconf 79' lang='lat' dir='ltr'><strong>posterioris</strong></span> <span class='ocrx_word' id='word_1_444' title='bbox 783 3161 913 3192; x_wconf 89' lang='lat' dir='ltr'><strong>demum</strong></span> <span class='ocrx_word' id='word_1_445' title='bbox 937 3163 1024 3190; x_wconf 69' lang='lat' dir='ltr'><strong>aetn-</strong></span> <span class='ocrx_word' id='word_1_446' title='bbox 1060 3158 1259 3189; x_wconf 75' lang='lat' dir='ltr'><strong>torisnorum</strong></span> <span class='ocrx_word' id='word_1_447' title='bbox 1278 3158 1525 3198; x_wconf 73' lang='lat' dir='ltr'><strong>despicientium</strong></span> <span class='ocrx_word' id='word_1_448' title='bbox 1549 3159 1583 3190; x_wconf 86' lang='lat' dir='ltr'><strong>in</strong></span> <span class='ocrx_word' id='word_1_449' title='bbox 1609 3158 1757 3198; x_wconf 79' lang='lat' dir='ltr'><strong>legiones</strong></span> <span class='ocrx_word' id='word_1_450' title='bbox 1779 3168 1839 3199; x_wconf 85' lang='lat' dir='ltr'><strong>per</strong></span> <span class='ocrx_word' id='word_1_451' title='bbox 1854 3169 1930 3199; x_wconf 85' lang='lat' dir='ltr'><strong>pro-</strong></span> 
     </span>
     <span class='ocr_line' id='line_1_44' title="bbox 162 3214 1929 3258; baseline -0.001 -10"><span class='ocrx_word' id='word_1_452' title='bbox 162 3216 206 3248; x_wconf 79' lang='lat' dir='ltr'><strong>tis</strong></span> <span class='ocrx_word' id='word_1_453' title='bbox 227 3222 420 3258; x_wconf 68' lang='lat' dir='ltr'><strong>usurpatur,</strong></span> <span class='ocrx_word' id='word_1_454' title='bbox 444 3222 481 3250; x_wconf 87' lang='lat' dir='ltr'><strong>ut</strong></span> <span class='ocrx_word' id='word_1_455' title='bbox 503 3219 629 3250; x_wconf 78' lang='lat' dir='ltr'><strong>Auson.</strong></span> <span class='ocrx_word' id='word_1_456' title='bbox 654 3218 738 3258; x_wconf 86' lang='lat' dir='ltr'><strong>Eph.</strong></span> <span class='ocrx_word' id='word_1_457' title='bbox 765 3219 824 3250; x_wconf 87' lang='lat' dir='ltr'><strong>ult.</strong></span> <span class='ocrx_word' id='word_1_458' title='bbox 851 3218 893 3249; x_wconf 78' lang='lat'><strong>33</strong></span> <span class='ocrx_word' id='word_1_459' title='bbox 919 3216 1025 3247; x_wconf 68' lang='grc' dir='ltr'><em>ναήσ-</em></span> <span class='ocrx_word' id='word_1_460' title='bbox 1059 3214 1186 3246; x_wconf 69' lang='lat' dir='ltr'><strong>vincia·</strong></span> <span class='ocrx_word' id='word_1_461' title='bbox 1219 3214 1396 3246; x_wconf 66' lang='lat' dir='ltr'><strong>collocatas</strong></span> <span class='ocrx_word' id='word_1_462' title='bbox 1427 3216 1555 3247; x_wconf 67' lang='lat' dir='ltr'><strong>excitat.</strong></span> <span class='ocrx_word' id='word_1_463' title='bbox 1605 3214 1700 3247; x_wconf 86' lang='lat' dir='ltr'><strong>Subit</strong></span> <span class='ocrx_word' id='word_1_464' title='bbox 1733 3219 1841 3247; x_wconf 65' lang='lat' dir='ltr'><strong>tamen</strong></span> <span class='ocrx_word' id='word_1_465' title='bbox 1869 3216 1929 3247; x_wconf 85' lang='lat' dir='ltr'><strong>mi-</strong></span> 
     </span>
     <span class='ocr_line' id='line_1_45' title="bbox 161 3272 1929 3314; baseline -0.001 -8"><span class='ocrx_word' id='word_1_466' title='bbox 161 3282 219 3313; x_wconf 69' lang='lat' dir='ltr'><strong>qu</strong></span> <span class='ocrx_word' id='word_1_467' title='bbox 239 3276 371 3307; x_wconf 64' lang='lat' dir='ltr'><strong>mm</strong></span> <span class='ocrx_word' id='word_1_468' title='bbox 391 3279 501 3307; x_wconf 70' lang='lat' dir='ltr'><strong>eventa</strong></span> <span class='ocrx_word' id='word_1_469' title='bbox 522 3276 637 3306; x_wconf 66' lang='lat' dir='ltr'><strong>relatu.</strong></span> <span class='ocrx_word' id='word_1_470' title='bbox 662 3293 705 3298; x_wconf 93' lang='grc'>-</span> <span class='ocrx_word' id='word_1_471' title='bbox 729 3275 865 3306; x_wconf 66' lang='lat' dir='ltr'><strong>anticum</strong></span> <span class='ocrx_word' id='word_1_472' title='bbox 887 3275 1024 3314; x_wconf 75' lang='lat' dir='ltr'><strong>impera-</strong></span> <span class='ocrx_word' id='word_1_473' title='bbox 1059 3272 1144 3311; x_wconf 72' lang='lat' dir='ltr'><strong>rari,</strong></span> <span class='ocrx_word' id='word_1_474' title='bbox 1184 3281 1243 3303; x_wconf 83' lang='lat' dir='ltr'><strong>cur</strong></span> <span class='ocrx_word' id='word_1_475' title='bbox 1275 3281 1400 3303; x_wconf 84' lang='lat' dir='ltr'><strong>memor</strong></span> <span class='ocrx_word' id='word_1_476' title='bbox 1434 3281 1499 3303; x_wconf 91' lang='lat' dir='ltr'><strong>non</strong></span> <span class='ocrx_word' id='word_1_477' title='bbox 1537 3273 1652 3312; x_wconf 78' lang='lat' dir='ltr'><strong>fuerit,</strong></span> <span class='ocrx_word' id='word_1_478' title='bbox 1693 3272 1791 3304; x_wconf 72' lang='lat' dir='ltr'><strong>imm</strong></span> <span class='ocrx_word' id='word_1_479' title='bbox 1823 3273 1929 3312; x_wconf 68' lang='lat' dir='ltr'><strong>ipsam</strong></span> 
     </span>
     <span class='ocr_line' id='line_1_46' title="bbox 160 3328 1929 3372; baseline -0.002 -10"><span class='ocrx_word' id='word_1_480' title='bbox 160 3330 240 3362; x_wconf 67' lang='lat' dir='ltr'><strong>eoric</strong></span> <span class='ocrx_word' id='word_1_481' title='bbox 261 3332 379 3372; x_wconf 71' lang='lat' dir='ltr'><strong>wer-et]</strong></span> <span class='ocrx_word' id='word_1_482' title='bbox 405 3333 518 3371; x_wconf 82' lang='lat' dir='ltr'><strong>„velut</strong></span> <span class='ocrx_word' id='word_1_483' title='bbox 542 3333 657 3363; x_wconf 81' lang='lat' dir='ltr'><strong>histrio</strong></span> <span class='ocrx_word' id='word_1_484' title='bbox 674 3332 812 3362; x_wconf 74' lang='lat' dir='ltr'><strong>amicum</strong></span> <span class='ocrx_word' id='word_1_485' title='bbox 830 3341 865 3362; x_wconf 82' lang='lat' dir='ltr'><strong>se</strong></span> <span class='ocrx_word' id='word_1_486' title='bbox 882 3330 1023 3361; x_wconf 82' lang='lat' dir='ltr'><strong>Neronis</strong></span> <span class='ocrx_word' id='word_1_487' title='bbox 1057 3329 1215 3359; x_wconf 77' lang='lat' dir='ltr'><strong>licentiam</strong></span> <span class='ocrx_word' id='word_1_488' title='bbox 1252 3328 1338 3359; x_wconf 63' lang='lat' dir='ltr'><strong>haud</strong></span> <span class='ocrx_word' id='word_1_489' title='bbox 1371 3329 1426 3359; x_wconf 85' lang='lat' dir='ltr'><strong>diu</strong></span> <span class='ocrx_word' id='word_1_490' title='bbox 1460 3334 1535 3361; x_wconf 69' lang='lat' dir='ltr'><strong>ente</strong></span> <span class='ocrx_word' id='word_1_491' title='bbox 1572 3339 1592 3361; x_wconf 72' lang='grc' dir='ltr'>ι</span> <span class='ocrx_word' id='word_1_492' title='bbox 1624 3328 1751 3360; x_wconf 64' lang='lat' dir='ltr'><strong>Galbae</strong></span> <span class='ocrx_word' id='word_1_493' title='bbox 1786 3329 1929 3360; x_wconf 84' lang='lat' dir='ltr'><strong>exercitu</strong></span> 
     </span>
    </p>

    <p class='ocr_par' dir='ltr' id='par_1_8' title="bbox 206 3386 1654 3425">
     <span class='ocr_line' id='line_1_47' title="bbox 206 3386 1654 3425; baseline 0 -9"><span class='ocrx_word' id='word_1_494' title='bbox 206 3386 347 3418; x_wconf 64' lang='lat' dir='ltr'><strong>Tacitus.</strong></span> <span class='ocrx_word' id='word_1_495' title='bbox 387 3387 428 3418; x_wconf 86' lang='lat'><strong>11.</strong></span> <span class='ocrx_word' id='word_1_496' title='bbox 1606 3387 1654 3425; x_wconf 81' lang='lat'><strong>17</strong></span> 
     </span>
    </p>
   </div>
  </div>
 </body>
</html>
