2176 3672
758 262 929 306 mmm
958 262 1031 307 1v.
1091 263 1191 318 Cap.
1222 264 1289 308 68.
1321 267 1387 309 69.
1418 266 1483 310 70.
1922 267 2005 309 517

205 386 214 389 ·
238 377 414 418 constat
453 374 673 419 obstitisse
702 376 898 420 Treveris
927 376 1274 432 Lingonibusque
1310 381 1424 433 apud
1453 379 1639 434 Gallias,
1677 381 1789 434 quod
1821 380 2007 424 Vindicis

234 457 359 496 motu
379 465 474 496 cum
488 453 690 509 Verginio
711 461 934 500 steterant.
957 458 1167 500 deterruit
1187 458 1410 513 plerosque
1426 460 1736 512 provinciarum
1754 459 2006 503 aemulatio:

240 533 380 588 »quod
409 532 717 586 bellorcaput‘?
747 533 861 576 unde
890 534 957 575 ius
986 535 1306 589 auspiciumque
1337 538 1585 590 peteretur?
1614 550 1753 591 quam,
1786 538 1822 580 si
1853 544 2005 581 cuncta

235 613 549 667 provenissent,
579 614 720 656 sedem
751 612 930 667 imperio
960 613 1150 667 legerent
1166 615 1209 655 Ρ(
1243 617 1427 658 nondum
1459 617 1649 669 victoria,
1679 618 1764 659 iam
1794 617 2007 660 discordia

235 695 343 743 erat,
372 691 469 735 aliis
498 691 686 745 foedera,
716 691 967 746 quibusdam
999 705 1101 746 opes
1131 694 1328 748 viresque
1358 700 1433 738 aut
1453 700 1708 739 vetustatem
1738 696 1912 749 originis
1934 709 2040 749 pere

237 770 378 824 iurgia
397 770 679 813 iactantibus:
710 771 853 814 taedio
883 770 1120 813 futurorum
1142 774 1384 825 praesentia
1414 774 1623 826 placuere.
1683 774 1925 817 scribuntur
1954 776 2006 817 ad

199 864 202 865 ⁷
238 849 441 894 Treviros
471 850 681 904 epistulae
711 852 878 893 nomine
908 849 1156 904 Galliarum,
1187 856 1235 893 ut
1264 852 1528 895 abstinerent
1557 853 1708 905 armis,
1750 853 2007 907 impetrabili

236 930 362 974 venia
390 934 433 973 et
462 931 629 984 paratis
657 930 1020 984 deprecatoribus,
1050 932 1086 973 si
1117 931 1380 984 paeniteret:
1411 932 1573 974 restitit
1602 933 1710 974 idem
1742 932 2006 986 Valentinus,

234 1009 532 1064 obstruxitque
561 1011 749 1053 civitatis
778 1022 881 1053 suae
911 1023 1051 1064 aures,
1083 1010 1197 1053 haud
1218 1011 1394 1064 perinde
1414 1011 1662 1053 instruendo
1687 1010 1799 1054 bello
1820 1012 2007 1055 intentus

234 1100 362 1146 quam
381 1089 583 1144 frequens
603 1090 883 1133 contionibus,
944 1091 1037 1144 (70)
1066 1091 1197 1144 igitur
1216 1103 1299 1132 non
1321 1091 1485 1133 Treviri
1505 1103 1641 1145 neque
1663 1091 1875 1145 Lingones
1894 1095 2006 1135 cete·
2024 1104 2063 1134 10

231 1181 360 1213 raevc
390 1169 608 1213 rebellium
630 1170 828 1212 civitates
857 1182 935 1223 pro
965 1170 1258 1224 magnitudine
1287 1171 1476 1223 suscepti
1498 1170 1754 1212 discriminis
1774 1183 1923 1224 agere;
1954 1183 2006 1213 ne

237 1250 368 1293 duces
397 1250 566 1304 quidem
597 1249 638 1292 in
670 1262 801 1292 unum
830 1249 1063 1300 consulere,
1094 1250 1171 1292 sed
1203 1248 1348 1291 Civilis
1377 1250 1472 1291 avia
1492 1249 1717 1302 Belgarum
1748 1248 2007 1301 circumibat,

237 1330 339 1373 dum
370 1329 595 1373 Claudium
616 1329 854 1373 Labeonem
886 1342 1039 1383 capere
1069 1335 1144 1371 aut
1174 1328 1399 1372 exturbare
1430 1329 1602 1381 nititur;
1638 1329 1850 1372 Classicus
1879 1341 2008 1381 segne

234 1408 482 1464 plerumque
501 1410 637 1452 otium
658 1409 832 1452 trahens
854 1408 970 1452 velut
990 1412 1115 1462 parto
1141 1409 1319 1462 imperio
1339 1407 1582 1460 fruebatur3
1613 1420 1665 1450 ne
1684 1407 1818 1450 Tutor
1837 1407 2004 1461 quidem

233 1490 468 1533 maturavit
496 1490 760 1543 superiorem
783 1488 1037 1531 Germaniae
1067 1488 1202 1541 ripam
1230 1492 1273 1530 et
1293 1488 1427 1529 ardua
1450 1487 1616 1540 Alpium
1648 1487 1874 1540 praesidiis
1894 1486 2007 1528 clau-
2023 1501 2062 1530 15

235 1570 350 1612 dere.
381 1573 511 1623 atque
537 1569 709 1611 interim
740 1568 1103 1611 unaetvicensima
1122 1567 1233 1622 legio
1253 1567 1523 1619 Vindonissa,
1554 1565 1754 1609 Sextilius
1773 1566 1892 1608 Felix
1913 1577 2005 1607 cum

236 1649 472 1692 auxiliariis
502 1649 749 1692 cohortibus
778 1661 857 1702 per
888 1648 1080 1690 Raetiam
1123 1647 1346 1700 inrupere3
1384 1647 1566 1690 accessit
1609 1645 1679 1688 ala
1709 1645 2007 1699 Singularium,

238 1730 380 1773 excita
408 1728 508 1771 olim
538 1742 564 1771 a
583 1728 768 1780 Vitellio,
798 1728 953 1771 deinde
983 1728 1026 1770 in
1048 1732 1193 1781 partes
1213 1726 1465 1780 Vespasiani
1495 1730 1782 1779 transgressa;
1813 1729 2008 1777 praeerat

236 1809 371 1852 Iulius
399 1808 672 1863 Briganticus
702 1820 849 1851 sorore
870 1808 1015 1851 Civilis
1044 1808 1230 1861 genitus,
1259 1811 1307 1849 ut
1336 1806 1468 1850 ferme
1497 1805 1705 1849 acerrima
1723 1804 2006 1858 proximorum

239 1889 340 1931 odia
382 1892 504 1940 sunt,
560 1887 722 1931 invisus
761 1887 967 1930 avonculo
1007 1887 1288 1940 infensusque.
1362 1885 1497 1928 Tutor
1534 1885 1802 1928 Trevirorum
1851 1883 2007 1935 copias,
2022 1901 2063 1930 20

237 1969 399 2012 recenti
418 1968 687 2020 Vangionum
719 1966 1011 2010 Caeracatium
1033 1966 1306 2009 Tribocorum
1337 1965 1496 2008 dilectu
1525 1970 1686 2016 auctas,
1717 1967 1915 2005 veterano
1937 1973 2008 2014 pe-

236 2049 328 2092 dite
357 2052 488 2099 atque
518 2047 661 2102 equite
690 2045 889 2099 firmavit,
921 2046 1133 2099 corruptis
1164 2057 1239 2098 spe
1268 2049 1343 2086 aut
1372 2047 1488 2086 metu
1518 2042 1707 2086 subactis
1737 2041 2006 2094 legionariis;

234 2129 309 2183 qui
339 2129 476 2183 primo
507 2127 726 2170 cohortem
757 2126 1033 2180 praemissam
1065 2138 1091 2167 a
1121 2123 1298 2167 Sextilio
1330 2123 1470 2166 Felice
1499 2120 1769 2172 interficiunt,
1810 2131 1905 2161 mox
1935 2118 2007 2160 ubi

234 2209 366 2252 duces
395 2207 691 2261 exercitusque
721 2206 937 2248 Romanus
968 2203 1326 2259 propinquabant,
1356 2202 1532 2245 honesto
1563 2199 1800 2252 transfugio
1830 2198 2008 2248 rediere,

372 2380 392 2410 3
425 2374 568 2420 eep’lput
603 2374 650 2420 (p’
674 2375 736 2407 del.
764 2373 839 2416 lm.)
969 2374 989 2404 5
1013 2373 1124 2413 federa
1250 2373 1270 2402 6
1294 2371 1401 2409 iurgia
1427 2370 1609 2400 umnam.-
1634 2368 1719 2398 luria
1844 2365 1929 2395 tedio
1964 2365 1996 2394 su

235 2425 417 2456 futurorum
498 2425 517 2455 '1
542 2423 617 2462 eple
638 2420 721 2464 (cnm
744 2420 861 2452 lineola
884 2421 918 2450 ἐκ
938 2419 999 2451 tiu.
1018 2419 1043 2460 l)
1122 2419 1142 2448 8
1167 2416 1394 2456 depositoribus
1464 2415 1622 2454 peniteret
1714 2410 1813 2454 losll
1840 2417 1946 2449 cetere
1970 2419 2010 2449 ue

238 2472 280 2502 13
306 2475 438 2510 caperet
461 2472 489 2510 (t
506 2468 565 2498 del.
594 2466 671 2506 lm.)
778 2469 816 2497 15
841 2465 1006 2505 germanie
1031 2462 1063 2506 (e
1085 2473 1125 2494 ex
1148 2473 1167 2493 ι
1190 2472 1272 2493 corr.
1294 2459 1370 2503 ln.)
1474 2460 1513 2490 16
1540 2462 1603 2490 unt
1619 2464 1650 2490 et
1673 2457 1873 2488 uincensima
1889 2458 2009 2495 (notam

235 2520 266 2547 ee
288 2526 309 2546 u
329 2520 404 2556 poet
426 2516 437 2546 i
461 2514 522 2545 del.
550 2516 626 2551 ln.)
746 2514 786 2543 18
811 2517 1017 2549 transgressa
1041 2508 1074 2552 (e
1097 2519 1135 2540 ex
1159 2518 1177 2538 a
1202 2518 1285 2539 corr.
1314 2506 1388 2547 ln.)
1491 2507 1528 2536 21
1554 2505 1677 2535 dilecta
1700 2502 1819 2545 (notem
1844 2501 1902 2532 dd.
1932 2498 2008 2538 lu.)

238 2560 339 2604 :1122
382 2558 517 2602 pedites}
546 2561 575 2600 (s
610 2558 669 2590 dd.
698 2556 770 2596 lue.)
862 2559 903 2587 22
930 2556 1043 2598 metus}
1067 2553 1097 2598 (e
1132 2554 1193 2585 dd.
1222 2551 1293 2593 lm)
1396 2553 1437 2582 24
1463 2551 1594 2589 exerci13
1626 2559 1658 2589 q;
1681 2549 1686 2590 Ι
1706 2556 1831 2585 romen3
1855 2545 2009 2585 (Romani

239 2606 424 2647 Bhetmru)

246 2742 388 2775 radiosa
409 2740 508 2786 notu]
548 2744 578 2779 1,
604 2743 636 2773 6.
679 2758 719 2763 -
760 2739 842 2770 unde
881 2736 945 2782 inu]
987 2747 1106 2777 »quem
1141 2738 1276 2768 istarum
1301 2734 1535 2775 particularum
1571 2731 1834 2763 consecutionem
1859 2727 2007 2759 variandi

235 2800 334 2831 illum
370 2801 440 2831 fore
475 2799 660 2833 Gallorum,
701 2798 756 2835 qui
796 2799 989 2836 potestatem
1027 2794 1106 2825 belli
1141 2803 1238 2824 cenea
1254 2792 1373 2831 triplici
1392 2789 1650 2821 manzolinum.
1669 2804 1713 2810 —
1729 2785 1807 2816 avia
1825 2782 2007 2825 Belum-rm]

239 2857 376 2896 gerendi
409 2860 441 2887 et
475 2857 565 2886 iussa
598 2864 619 2885 ι
642 2854 779 2892 singulis
808 2851 1015 2891 exsequenda
1048 2859 1106 2881 suo
1122 2855 1126 2882 Ι
1144 2850 1278 2889 peludee
1302 2857 1373 2879 esee
1392 2847 1608 2877 Flendrorum
1633 2853 1734 2883 prope
1754 2843 1879 2880 Bruges
1904 2839 2011 2879 euspi-

239 2912 400 2943 arbitrem
425 2914 526 2948 deret,
563 2920 663 2950 pene·
686 2919 784 2949 quem
808 2913 918 2940 essent
941 2907 1106 2946 auspicia:
1143 2911 1234 2938 catur
1251 2904 1386 2935 Bucher.
1414 2903 1506 2941 Belg.
1529 2902 1618 2931 Rom.
1645 2910 1677 2939 p.
1700 2900 1773 2931 1⁷8.
1794 2915 1837 2921 —
1861 2896 2011 2928 emilius

239 2969 353 3006 verbo,
389 2977 486 3007 quem
522 2969 750 3007 imperatorem
786 2966 818 2996 in
855 2964 965 2995 Gallia
990 2964 1059 2994 sore
1070 2963 1106 2993 ‘?‹
1143 2962 1248 3001 Felix]
1275 2962 1314 2991 de
1339 2970 1403 2999 quo
1429 2961 1462 2998 3,
1487 2960 1517 2989 5.
1543 2974 1587 2981 —
1611 2956 1669 2986 ala
1693 2950 1924 2996 Βὺιφιὶανὺω]
1949 2953 2010 2982 hee

239 3026 288 3056 eie
309 3025 398 3065 apud
432 3025 563 3055 Livium
589 3026 644 3061 22,
671 3026 703 3061 1,
728 3024 748 3054 5
782 3022 961 3060 iunguntur
993 3020 1108 3050 innam
1144 3020 1214 3050 elne
1234 3016 1466 3048 discernendae
1482 3019 1559 3045 eunt
1577 3013 1618 3044 ab
1640 3009 1815 3051 ‘equitibus
1839 3008 2010 3047 singulari-

240 3082 406 3122 ’.φα-ἁμα
429 3086 463 3113 et
486 3081 674 3121 auspic-han.
700 3080 783 3109 Eu.
811 3077 1006 3108 Loumdro:
1033 3075 1111 3113 Quel
1146 3076 1206 3106 bus
1225 3073 1362 3113 Augusti
1383 3073 1455 3103 eive
1475 3068 1691 3109 imperatoris'
1710 3066 1763 3109 (cf.
1779 3065 2012 3102 Henaeneuqli

240 3139 341 3170 emit
362 3138 394 3169 10
417 3137 553 3177 &esde
575 3137 611 3168 la
632 3136 768 3176 eume?
802 3136 824 3165 ὰ
857 3135 914 3173 qui
944 3131 1110 3164 donando-
1148 3131 1258 3170 Equiti
1292 3128 1457 3168 Sis-oolam·
1489 3126 1523 3156 in
1564 3129 1648 3156 Anu.
1674 3123 1778 3155 Rhea.
1816 3123 1858 3153 28
1894 3118 2012 3164 (1850)

237 3196 363 3226 raiz-o-
396 3195 442 3226 leo
478 3194 590 3225 ordo-ee
621 3198 651 3224 a
682 3193 726 3223 len
761 3190 931 3231 auspican
972 3207 1013 3213 -
1050 3198 1112 3228 per
1147 3199 1175 3228 p.
1197 3189 1256 3225 133
1275 3184 1462 3225 unqua-dt
1475 3178 1855 3218 &mumolanqvss
1875 3175 2009 3218 μηδ).

238 3249 360 3294 ἑυηιο]
397 3251 565 3290 iurgantes
599 3260 678 3288 eos,
719 3249 774 3288 qui
811 3252 924 3278 contre
959 3246 1111 3277 dicebant
1145 3246 1185 3276 cf.
1212 3243 1328 3282 loseph
1354 3241 1497 3272 Vedersz
1531 3237 1569 3269 de
1601 3237 1664 3268 alie
1698 3235 1854 3267 eaor-cau
1877 3232 2014 3264 Romam

240 3317 389 3351 qumque
412 3308 587 3338 iactator-ee
611 3306 659 3336 illi
684 3305 864 3345 deprimere
888 3302 1052 3334 veleb-nt.
1149 3310 1180 3341 p.
1218 3301 1269 3331 1³.
1319 3298 1406 3329 Frid.
1442 3294 1722 3333 Oblensehleger:
1758 3291 1809 3323 die
1840 3288 2012 3321 rou-acken

288 3365 343 3396 70.
366 3373 483 3394 νισι-ι
495 3372 647 3402 neque—
659 3360 708 3405 ve]
727 3368 804 3392 nota
816 3360 1013 3391 rarissimam
1031 3359 1113 3388 hauc
1154 3358 1299 3397 Truppen
1315 3355 1356 3386 im
1371 3350 1667 3394 νιοΙιιη-Ιιᾴπὺοήω
1684 3349 1826 3388 Bayern.
1852 3346 2010 3377 munchen
