2176 3672
839 187 940 245 Cap.
970 190 1039 232 37.
1068 189 1135 232 38.
1166 190 1235 233 39.
1849 189 1929 232 141

148 307 268 352 inu-a
282 302 568 363 pauffissimas
581 302 716 346 horas
727 317 938 359 perorare
952 303 1192 359 cogebatur
1205 306 1252 347 et
1264 302 1432 346 liberae
1446 302 1929 358 comperendinationes

153 371 555 426 ermxet'modum
583 371 758 415 dicendi
786 372 873 416 sibi
891 373 1076 429 quisque
1097 372 1299 416 sumebat
1318 376 1364 415 et
1381 386 1588 415 numerus
1601 386 1743 428 neque
1764 372 1933 415 dierum

149 456 293 505 nque
312 444 611 503 patronorum.
628 436 875 484 finiebatur.
932 441 1098 496 primus
1127 442 1236 484 haec
1269 441 1402 484 tertio
1442 440 1673 484 consulatu
1702 439 1776 483 Cn.
1807 441 1934 484 Pom-

167 535 169 546 ÷
308 508 564 561 adstrinxit,
607 509 903 566 imposuitque
931 510 1065 553 veluti
1103 510 1252 554 frenos
1282 510 1579 566 eloquentiae,
1616 510 1682 554 ita
1709 513 1855 554 tamen
1884 513 1935 553 ut

157 581 172 638 J
250 567 271 589 ”
321 578 368 620 in
396 577 507 628 foro,
538 578 683 620 omnia
710 577 902 639 legibus,
933 579 1077 621 omnia
1105 579 1223 634 apud
1250 582 1478 634 praetores
1508 582 1780 634 gererentur-3
1817 579 1935 634 apud
1952 586 1970 613 ⁵

124 638 249 704 fn.
286 643 452 703 quanto
491 645 660 689 maiora
687 647 867 702 negotia
897 647 1002 690 olim
1031 648 1223 691 exerceri
1252 648 1385 691 solita
1415 648 1522 700 sint,
1552 647 1672 703 quod
1697 647 1839 690 maius
1867 661 1939 690 ar-

106 713 132 758 93
203 735 270 754 .····.
285 718 396 758 tum
431 718 498 758 est
535 729 666 771 quam
704 716 825 771 quod
859 730 1018 759 causae
1055 716 1404 769 centumvitales,
1452 731 1567 771 quae
1602 730 1717 759 nunc
1750 716 1938 771 primum

22 829 36 843 „
51 810 53 831 ς
66 757 347 844 {obtinent
380 783 544 836 locum,
582 783 695 827 adeo
732 784 966 839 splendore
1006 786 1193 828 aliorum
1232 785 1494 828 iudiciorum
1531 785 1851 837 obruebantur,
1887 788 1940 828 ut

0 856 12 871 ”¹
75 851 288 911 ineque
316 852 539 896 Ciceronis
567 866 710 908 neque
741 853 944 897 Caesaris
974 868 1116 910 neque
1145 854 1275 897 Bruti
1301 868 1444 909 neque
1475 853 1613 896 Caelii
1641 867 1783 908 neque
1804 852 1940 906 Calvi,

60 929 82 959 ῐ
144 933 236 965 non
262 919 451 976 denique
480 919 615 963 ullius
650 922 799 976 magni
838 923 1028 965 oratoris
1066 922 1180 965 liber
1217 922 1336 978 apud
1373 923 1664 966 centumviros
1701 922 1845 965 dictus
1878 922 1975 965 le-10

147 993 297 1046 gatar,
327 989 522 1044 exceptis
553 989 829 1033 orationibus
859 991 1001 1034 Asinii
1030 1005 1143 1046 quae
1172 1005 1253 1047 pro
1282 991 1519 1034 heredibus
1546 990 1760 1034 Urbiniae
1788 990 1942 1034 inscri-

149 1057 335 1110 buntur,
372 1056 429 1100 ab
464 1057 563 1113 ipso
594 1061 741 1101 tamen
770 1059 969 1103 Pollione
996 1059 1153 1103 mediis
1184 1059 1273 1102 divi
1300 1059 1490 1114 Augusti
1517 1059 1790 1115 temporibus
1818 1058 1943 1101 habi-

145 1130 233 1180 tae,
261 1129 499 1182 postquam
526 1125 660 1182 longa
688 1130 934 1182 temporum
965 1127 1087 1184 quies
1117 1131 1163 1171 et
1192 1128 1445 1170 continuum
1474 1128 1628 1183 populi
1649 1128 1787 1171 otium
1809 1131 1853 1170 et
1873 1141 1942 1170 as-

146 1193 278 1238 sidua
307 1197 485 1237 senatus
514 1194 814 1250 tranquillitas
852 1200 899 1239 et
933 1197 1120 1239 maxime
1158 1197 1372 1252 principis
1403 1197 1636 1252 disciplina
1664 1198 1806 1253 ipsam
1834 1210 1943 1252 quo-

145 1277 232 1320 que
259 1262 556 1318 eloquentiam
585 1263 699 1307 sicut
729 1264 874 1308 omnia
902 1265 992 1308 alia
1019 1269 1267 1321 pacaverat.
1309 1265 1401 1321 (39)
1421 1279 1603 1320 parvum
1632 1269 1677 1308 et
1705 1265 1974 1308 ridiculum&

146 1331 336 1376 fortasse
363 1330 585 1374 videbitur
618 1332 739 1388 quod
769 1333 968 1376 dicturus
998 1347 1112 1376 sum:
1144 1333 1288 1376 dicam
1308 1336 1467 1386 tamen,
1497 1334 1566 1376 vel
1585 1334 1684 1377 ideo
1712 1338 1763 1376 ut
1781 1334 1940 1376 ridear.

144 1403 357 1457 quantum
384 1399 648 1443 humilitatis
677 1404 890 1456 putamus
921 1401 1198 1458 eloquentiae
1228 1401 1435 1445 attulisse
1463 1402 1673 1458 paenulas
1692 1403 1817 1455 istas,
1847 1402 1942 1458 qui-

259 1519 296 1555 l.
311 1516 556 1566 paucissimas
565 1515 792 1565 horas.s.c;
809 1518 921 1556 horas
930 1532 1003 1556 om.
1017 1515 1113 1565 AB,
1132 1521 1196 1557 sed
1205 1522 1291 1559 add.
1311 1521 1390 1557 inA
1403 1533 1680 1569 supraversum3
1699 1522 1943 1570 paucissima-s

137 1582 320 1624 perorare·
339 1574 452 1612 horas
482 1572 611 1612 Halm.
638 1595 693 1603 —
714 1575 752 1613 2.
778 1576 928 1613 dicendo
946 1572 1085 1616 ABG.
1103 1599 1161 1605 --
1186 1579 1223 1615 3.
1244 1577 1334 1615 haec
1356 1574 1408 1615 G:
1427 1574 1596 1616 noAB.
1617 1579 1725 1616 -6.
1743 1585 1881 1627 quanta
1905 1575 1941 1617 B

163 1633 229 1669 sed
249 1633 376 1680 corn).
401 1653 455 1659 —
476 1631 515 1670 8.
545 1633 748 1682 aliquorum
761 1629 844 1672 AB
866 1634 1007 1671 illorum
1027 1633 1081 1672 H.
1098 1635 1237 1682 Meyer.
1260 1654 1319 1662 —
1345 1636 1409 1672 11.
1432 1633 1601 1672 Urbiniae
1624 1635 1790 1684 Lipsius:
1819 1635 1943 1672 urbine

214 1686 324 1728 Vmie
346 1689 380 1725 A
403 1687 514 1727 Vriue
540 1687 584 1728 C.
607 1711 664 1719 —
687 1691 751 1728 14.
777 1691 930 1728 manime
953 1689 1100 1728 Haase:
1136 1692 1296 1728 maa-ima
1320 1687 1402 1730 AB
1429 1692 1578 1728 maa-imi
1601 1689 1645 1730 C.
1673 1714 1730 1720 —
1762 1694 1826 1730 15.
1870 1693 1944 1729 alia

145 1793 219 1818 om.
245 1775 344 1820 AB.
388 1800 448 1808 —-
491 1780 737 1829 depacaverat
764 1782 798 1818 A
824 1751 1071 1831 depgraverat
1098 1778 1148 1821 B.
1180 1804 1233 1811 —
1269 1784 1333 1821 16.
1362 1782 1539 1820 videbitur
1577 1783 1755 1821 Ursinus:
1802 1784 1943 1822 videtur

144 1832 282 1878 ABG.
303 1858 360 1866 —
387 1836 552 1875 rideatur
587 1834 632 1875 c.
658 1860 709 1866 -
744 1840 808 1877 17.
835 1839 1011 1888 perqzaas
1039 1841 1187 1888 Maemy
1216 1841 1242 1877 1.
1274 1842 1300 1877 1.
1331 1854 1368 1889 p.
1405 1841 1469 1877 25.

178 1951 205 1975 1.
235 1947 317 1974 intra
344 1947 549 1982 paventinam
583 1947 691 1981 horas]
719 1949 803 1976 min.
834 1949 893 1982 Bp.
929 1952 963 1980 8,
997 1951 1024 1983 Β,
1058 1951 1208 1982 patronus
1225 1957 1282 1983 pro
1299 1950 1465 1977 heredibus
1483 1951 1688 1977 contendebat
1704 1951 1787 1978 hunc
1800 1959 1867 1978 esse
1884 1951 1942 1978 Sc-

145 1995 177 2020 σε
205 1992 257 2021 An
290 2000 346 2020 nos
374 1994 580 2028 sapientiores
608 1994 774 2022 maioribus
804 1995 940 2022 nostris?
969 2002 1025 2022 nos

145 2038 263 2074 leuibus
294 2038 358 2073 ipis
388 2039 538 2072 inaures,
568 2049 646 2075 quae
677 2043 720 2067 tot
748 2040 850 2071 horus,
881 2043 926 2067 tot
950 2040 1023 2071 dies,

149 2086 195 2111 tot
215 2083 550 2118 comperendinationes
573 2085 767 2121 Iarqiuntur?
788 2086 910 2113 hebetes
934 2085 980 2112 5111·
996 2088 1027 2112 et

145 2136 242 2163 supra
270 2128 390 2156 modun
419 2129 524 2158 tardi?
558 2138 613 2157 nos
641 2131 779 2165 apertius
807 2130 947 2162 dicimus,
979 2139 1027 2157 ee-

146 2174 242 2202 terisu
275 2174 495 2211 intellegimus,
531 2172 724 2212 religiosinoe'
745 2175 930 2207 iudicamus,
973 2177 1027 2210 qui

140 2219 339 2254 paucioribus
352 2220 522 2257 clepsydris
534 2223 776 2258 praecipitum
793 2229 915 2254 causa-s,
941 2230 1027 2257 quam

145 2265 252 2294 dions
275 2265 427 2300 captim-1·
447 2266 608 2295 sotebant?
624 2282 659 2287 -
675 2270 701 2294 2.
720 2271 750 2295 et
773 2267 889 2295 modum
911 2266 1029 2294 dicenda·

144 2310 202 2338 sibi
217 2311 348 2346 quisque
362 2312 510 2346 nes-ebat]
528 2314 566 2340 de
583 2314 633 2341 his
651 2314 755 2340 verbis
767 2321 831 2340 non
847 2314 955 2346 utique
972 2320 1028 2340 ne-

146 2358 288 2391 cessariis
305 2365 405 2391 neque
423 2359 592 2392 quidemam
611 2360 686 2387 novi
710 2359 922 2386 adferentibus
946 2359 1028 2386 idem

145 2403 266 2437 iudico,
282 2405 367 2438 quod
385 2405 423 2432 de
434 2405 538 2432 verbis
551 2408 673 2432 ser-vato
690 2405 800 2432 ordine
812 2404 1028 2439 disputationis

146 2455 174 2476 c.
191 2452 207 2476 1
225 2449 302 2476 dlxi.
318 2463 354 2470 —
375 2452 401 2478 3.
423 2450 512 2477 tertio
534 2450 708 2483 consulatu]
732 2458 759 2478 a.
783 2453 826 2483 52,
852 2457 913 2482 quo
939 2449 1026 2477 solus

147 2495 340 2522 mus-imm
357 2496 462 2530 gessit.
498 2496 561 2523 Cic.
579 2497 665 2523 Brut.
682 2499 727 2529 ⁹4,
750 2498 814 2523 324:
847 2495 916 2530 leqe
939 2493 1029 2521 Pom-

147 2540 225 2574 peta
249 2540 347 2568 ter-ais
368 2540 453 2568 horis
474 2540 517 2568 ad
537 2540 693 2570 dicendum
711 2541 802 2568 datis.
837 2541 899 2568 Dio
916 2543 960 2571 40,
979 2542 1029 2567 52:

146 2579 260 2625 χρόνον
270 2592 303 2613 ss
319 2586 365 2622 sq?
378 2585 434 2621 μὲν
452 2582 593 2614 διώκοντι
607 2582 666 2615 δύο
678 2583 768 2627 ὥρας,
786 2583 876 2622 vqs-03
887 2581 1028 2624 φεύγοντι

1060 1996 1214 2028 sipatrum
1247 2003 1383 2029 servum,
1414 2003 1479 2023 non
1507 2003 1615 2023 verum
1643 1997 1752 2023 filium.
1790 1997 1880 2024 Hess.
1896 1999 1944 2017 *—

1059 2043 1101 2068 12.
1116 2041 1153 2067 ab
1167 2042 1244 2076 ipso]
1259 2042 1330 2067 Hoc
1349 2042 1394 2068 ita
1404 2044 1525 2068 tantum
1539 2044 1621 2068 recte
1628 2042 1742 2069 dictum
1755 2045 1816 2075 est,
1829 2045 1864 2069 ut
1882 2044 1943 2070 hoc

1059 2087 1131 2114 loco
1149 2095 1213 2113 non
1230 2087 1293 2113 iam
1310 2088 1447 2114 veterum
1465 2086 1624 2114 oratorum
1642 2087 1816 2121 orationes,
1834 2090 1868 2114 ut
1886 2095 1940 2115 an-

1059 2135 1120 2164 tea,
1138 2133 1192 2159 sed
1208 2133 1294 2165 ipsos
1318 2135 1458 2159 oratores
1481 2133 1565 2160 inter
1587 2141 1620 2159 se
1645 2134 1761 2165 opponi
1786 2136 1941 2168 putemus,

1061 2186 1191 2211 quorum
1215 2186 1296 2205 unus
1319 2180 1440 2205 tantum
1468 2179 1551 2211 apud
1580 2181 1787 2207 centumviros
1818 2188 1941 2207 causam

1062 2224 1183 2250 dixerit.
1201 2237 1236 2243 —-
1253 2226 1296 2250 18.
1328 2224 1375 2250 vel
1404 2222 1472 2250 ideo
1498 2226 1534 2250 ut
1561 2223 1676 2259 ridear]
1705 2226 1836 2252 ridendo
1861 2227 1942 2253 enim

1061 2270 1122 2302 ipsi
1140 2269 1374 2300 confitebimini,
1394 2277 1485 2302 quam
1501 2270 1611 2302 putida
1628 2278 1665 2297 ac
1682 2272 1813 2298 molesta
1830 2272 1871 2298 sit
1887 2279 1942 2299 no-

1061 2317 1193 2342 strorum
1210 2314 1398 2341 iudiciorum
1428 2316 1626 2343 consuetudo.
1654 2331 1690 2336 —
1712 2319 1755 2343 17.
1774 2317 1941 2351 paenulas]

1062 2363 1129 2387 erat
1156 2361 1290 2392 paenula
1320 2360 1537 2387 vestimentum
1567 2361 1761 2389 itiner-artum
1791 2363 1943 2389 arcendae

1061 2406 1186 2439 pluviae
1198 2406 1471 2439 accommodatum,
1488 2409 1562 2440 toga
1572 2408 1696 2435 brevius
1709 2411 1740 2435 et
1751 2409 1943 2435 adstrictius.

1061 2452 1109 2479 Eo
1134 2459 1191 2486 pro
1214 2454 1290 2485 toga
1313 2458 1387 2478 usos
1405 2459 1470 2478 esse
1489 2453 1663 2480 causidicos
1680 2461 1771 2480 nemo
1790 2461 1862 2481 sane
1880 2461 1942 2480 me-

1062 2499 1172 2530 morat,
1190 2504 1228 2523 ne
1240 2497 1452 2530 Quintilianus
1471 2497 1606 2531 quidem,
1624 2499 1678 2525 ubi
1691 2499 1729 2526 de
1741 2500 1856 2526 vestitu
1874 2506 1943 2525 ora-

1061 2545 1163 2569 torum
1181 2543 1255 2576 agit,
1274 2545 1316 2574 11,
1336 2544 1362 2574 3,
1381 2544 1440 2569 137.
1478 2542 1559 2575 Quid
1581 2544 1715 2570 mirum?
1742 2552 1851 2576 nempe
1869 2545 1943 2570 abu-

1063 2595 1115 2614 sus
1145 2588 1202 2614 ille
1232 2589 1309 2614 erat.
1341 2589 1478 2616 Paenula
1508 2590 1601 2622 pauci
1624 2596 1854 2622 nonnunqum
1884 2590 1942 2616 illo

150 2629 234 2671 τρόῐς
258 2627 407 2659 δίδοσθαι
434 2631 593 2660 ἐκέλευσεν.
611 2647 647 2653 --
663 2635 690 2660 6.
708 2633 810 2659 munia
836 2632 868 2659 in
884 2632 968 2667 soro]
993 2639 1030 2658 ac
1063 2634 1186 2660 noculo
1204 2634 1380 2668 utebantur,
1399 2634 1611 2661 commoditati
1624 2642 1694 2660 cum
1713 2634 1825 2661 damno
1843 2635 1943 2668 digni-

151 2684 216 2703 non
232 2677 267 2704 in
283 2677 425 2704 domibus
447 2678 639 2712 principum,
667 2681 702 2705 ut
727 2678 864 2706 defensio
888 2678 1030 2704 Deiotari
1062 2678 1135 2705 tatis
1153 2679 1361 2712 indulgentes.
1398 2680 1471 2706 'l'am
1490 2680 1638 2706 deformis
1658 2679 1851 2712 quorundam
1875 2688 1943 2708 ora-

150 2723 233 2756 regis
260 2723 294 2750 in
316 2723 409 2750 domo
432 2723 586 2757 Gaesarin
615 2724 730 2760 tegibus
753 2732 790 2751 ac
813 2731 877 2751 non
901 2724 1029 2750 arbitrio
1063 2727 1165 2750 torum
1182 2724 1372 2758 negligentia
1390 2727 1420 2750 et
1443 2726 1513 2757 ipsa
1532 2725 1667 2750 iudicum
1693 2725 1944 2758 audientiumque

150 2768 301 2802 principis
316 2776 374 2796 nec
392 2769 421 2796 υἱ
437 2772 468 2796 et
481 2772 634 2804 potestate
651 2769 778 2797 iudicum
797 2773 836 2803 (ο.
862 2771 924 2801 19);
947 2767 1033 2802 apud
1065 2777 1138 2802 erga
1155 2768 1251 2796 moris
1270 2769 1392 2802 antiqui
1410 2772 1619 2802 contemptum
1637 2770 1788 2801 patientia
1805 2771 1943 2803 gravita-

151 2815 307 2849 praem-u
327 2822 365 2841 ac
388 2821 452 2842 non
474 2815 557 2848 apud
586 2816 764 2848 principem.
805 2815 895 2842 Adde
923 2822 1031 2841 causas
1063 2816 1126 2841 tem
1155 2815 1350 2849 eloquentiae
1379 2815 1588 2841 imminuebat.
1623 2815 1701 2841 Nam
1725 2815 1943 2842 sermocinatio

153 2865 261 2886 omnes
277 2860 449 2893 graviores.
468 2861 554 2888 velut
571 2861 752 2892 maiestatis,
772 2863 856 2888 actas
872 2863 946 2887 tunc
965 2867 1031 2886 esse
1064 2860 1184 2893 privata
1201 2860 1352 2893 paenulae
1370 2860 1586 2892 conveniebat,
1604 2868 1666 2887 non
1683 2861 1809 2893 publica
1831 2862 1942 2888 oratio.

152 2904 187 2931 in
203 2906 321 2931 senatu.
334 2919 367 2924 —
379 2907 404 2932 7.
423 2912 535 2932 causae
551 2906 797 2939 centumvitales]
817 2906 855 2933 cf.
869 2913 895 2932 c.
914 2907 939 2931 7.
958 2906 1029 2935 Eas,
1064 2906 1161 2932 Doed.
1179 2906 1305 2933 Dronke
1323 2905 1447 2938 quidem
1466 2907 1496 2931 et
1514 2905 1666 2932 Heinrich
1684 2906 1724 2932 ad
1741 2907 1848 2933 Iuven.
1866 2908 1891 2940 6,
1910 2908 1944 2933 ’19

151 2957 228 2983 quas
245 2948 351 2976 Cicero
371 2951 444 2984 egit,
464 2951 633 2984 scriptione
650 2951 760 2985 dignas
778 2959 841 2978 non
860 2951 979 2977 habuit.
998 2965 1030 2969 -
1066 2951 1254 2978 contendunt
1277 2951 1451 2978 causidicos
1476 2957 1593 2983 semper
1615 2953 1755 2985 togatos,
1779 2959 1944 2985 numquam

146 2995 178 3030 β.
196 2993 409 3029 obruebantur]
427 2995 466 3022 cl.
484 2995 558 3029 Agr.
578 2999 625 3023 17:
643 2998 674 3022 et
693 2995 822 3023 Cerialis
849 2994 968 3030 quidem
986 2993 1032 3020 al-
1065 2996 1250 3028 paenulatos
1279 3002 1456 3028 perorasse,
1486 2995 1617 3028 ideoque
1647 2997 1772 3023 verbum
1789 2997 1944 3031 paenulas

153 3037 249 3067 Μαι
272 3041 458 3068 successoris
480 3049 584 3069 euram
611 3040 786 3077 famamque
817 3041 977 3068 obruisset.
998 3054 1032 3059 -—-
1066 3042 1207 3068 hocloco
1220 3049 1275 3074 per
1286 3041 1486 3075 hyperbolam
1499 3041 1675 3074 siguificare
1687 3044 1776 3076 togas
1787 3043 1945 3071 adstricti·

156 3083 272 3119 apro
289 3084 452 3113 heredibus
474 3085 629 3121 Urbiniae]
650 3086 752 3119 Quint.
767 3091 793 3120 4,
813 3090 838 3118 1,
858 3090 899 3114 11.
919 3089 945 3119 7,
964 3088 988 3119 2,
1006 3089 1031 3113 ⁴.
1067 3094 1135 3113 ores
1152 3087 1262 3114 solitis.
1298 3086 1459 3118 (Artemid.
1483 3085 1640 3114 Oneirocr.
1659 3089 1685 3121 2,
1703 3090 1735 3115 3·
1758 3084 1882 3123 χλαμὺς
1900 3085 1942 3120 ot,

161 3128 204 3155 ”-
236 3129 390 3159 Clusinius
423 3132 554 3166 Figulus
583 3133 764 3160 vindicabat
793 3134 852 3159 sibi
885 3130 1104 3166 Urbiniae‚r'1‘s
1134 3130 1207 3158 luet
1238 3126 1387 3166 μανδύην,
1418 3130 1446 3157 οἱ
1479 3127 1511 3157 δὲ
1529 3129 1702 3172 ἐφεστρίδα,
1734 3133 1763 3160 οἱ
1788 3130 1819 3160 δὲ
1838 3131 1889 3168 β1“
1873 3143 1944 3173 υρον

159 3168 314 3204 nussam
331 3177 541 3211 hereditatem,
559 3179 645 3205 cuius
657 3181 796 3206 mortuae
807 3179 904 3205 fllium
918 3185 950 3204 se
968 3184 1050 3203 esse
1048 3168 1211 3207 καλοῦσι,
1239 3176 1358 3212 θλίψιν
1386 3175 1439 3203 καὶ
1470 3178 1670 3227 στενοχωρίαν
1694 3179 1746 3206 καὶ
1772 3183 1838 3211 τοις
1857 3175 1946 3206 δικα-

158 3217 289 3253 dicem,
304 3224 357 3256 qni
374 3223 495 3256 quidm
507 3224 639 3251 iactatu.
656 3225 752 3252 vuu-
763 3225 887 3251 onibus
906 3224 960 3250 diu
977 3230 1028 3255 pe·
1048 3206 1082 3234 ¹
1067 3219 1203 3256 ζομίνοις
1227 3218 1400 3256 καταδίκην
1423 3228 1603 3255 panetariae
1627 3219 1681 3250 διὰ
1703 3219 1738 3253 τὸ
1757 3223 1945 3263 Rumpunt-¹

162 3269 249 3297 ¹081·
270 3266 430 3299 abrai-set,
463 3268 517 3295 sed
534 3271 608 3296 tunc
633 3270 667 3296 in
690 3270 816 3297 Italiam
840 3276 877 3296 ac
902 3269 1033 3301 patriam
1049 3244 1054 3320 ι
1068 3263 1103 3294 τὸ
1120 3267 1218 3301 σῶμα.
1255 3267 1426 3299 Raab.)—

160 3313 244 3335 m
270 3309 428 3346 Hortinos
456 3314 596 3343 redisset.
643 3314 768 3342 Asinius
797 3314 895 3342 Pollio
926 3315 1034 3341 contra
