2176 3672
701 303 871 346 LIBER
899 303 952 346 H.
1012 302 1113 357 Cap.
1144 303 1210 345 29.
1243 302 1309 345 30.
1339 302 1406 346 31.
1437 302 1504 345 32.
1903 298 1986 342 335

216 421 293 465 sed
312 420 481 464 condito
501 419 598 462 odio
618 418 795 462 eandem
814 417 1048 461 utilitatem
1067 416 1223 471 fovere,
1253 416 1412 461 crebris
1442 415 1637 470 epistulis
1668 415 1759 459 sine
1788 417 1987 468 respectu

216 501 365 545 veniae
394 498 552 555 probra
580 499 740 543 Othoni
769 498 1050 551 obiectanteS,
1082 510 1175 540 cum
1206 498 1338 541 duces
1366 497 1555 552 partium
1584 494 1764 538 Othonis
1795 494 1989 549 quamvis

215 580 428 625 uberrima
459 579 742 623 conviciorum
771 580 815 622 in
846 578 1064 622 Vitellium
1092 578 1273 621 materia
1302 577 1574 620 abstinerent.
1635 575 1728 630 (31)
1760 587 1862 618 sane
1890 578 1990 618 ante

216 660 441 715 utriusque
467 660 650 712 exitum,
680 672 764 713 quo
795 659 1007 714 egregiam
1037 657 1149 700 Otho
1179 657 1358 711 famam,
1387 656 1586 700 Vitellius
1615 654 1990 710 flagitiosissimam

217 752 421 794 meruere,
449 739 588 782 minus
608 738 773 782 Vitellii
803 739 982 792 ignavae
1001 738 1245 792 voluptates
1275 750 1403 792 quam
1423 736 1604 779 Othonis
1634 734 1991 790 flagrantissimae
2026 742 2046 772 5

214 820 412 864 libidines
442 818 713 863 timebantur.
760 819 988 862 addiderat
1015 818 1115 861 huic
1143 821 1350 861 terrorem
1380 820 1509 871 atque
1538 817 1681 859 odium
1712 816 1863 860 caedes
1888 814 1990 859 Gal-

216 901 318 945 bae:
362 902 510 943 contra
537 898 602 942 illi
629 899 800 942 initium
826 899 927 942 belli
965 911 1087 942 nemo
1116 898 1353 952 inputabat.
1412 896 1613 940 Vitellius
1643 899 1791 940 ventre
1819 900 1863 940 et
1892 896 1993 950 gula

216 980 299 1025 sibi
327 979 589 1033 inhonestus,
621 978 733 1022 Otho
761 979 865 1022 luxu
895 979 1075 1022 saevitia
1103 979 1284 1022 audacia
1312 978 1375 1021 rei
1403 977 1599 1032 publicae
1629 977 1847 1020 exitiosior
1866 977 1992 1019 duce-

217 1060 358 1104 batur.

331 1140 577 1184 Coniunctis
608 1139 813 1183 Caecinae
843 1151 892 1183 ac
915 1139 1109 1182 Valentis
1140 1138 1274 1192 copiis
1302 1137 1420 1180 nulla
1448 1138 1563 1180 ultra
1592 1150 1722 1191 penes
1741 1135 1992 1180 Vitellianos
2008 1145 2050 1176 10

219 1233 361 1274 mora,
400 1220 503 1275 quin
541 1220 646 1263 totis
674 1219 836 1263 viribus
866 1222 1096 1262 certarent:
1138 1218 1251 1261 Otho
1288 1217 1563 1271 consultavit,
1605 1217 1720 1261 trahi
1754 1217 1911 1260 bellum
1941 1230 1994 1259 an

218 1300 437 1345 fortunam
466 1300 649 1355 experiri
677 1299 879 1354 placeret.
927 1302 1030 1342 tunc
1059 1298 1286 1342 Suetonius
1314 1298 1518 1341 Paulinus
1551 1298 1726 1352 dignum
1764 1297 1879 1340 fama
1917 1309 1996 1340 sua

219 1384 353 1436 ratus,
382 1393 468 1436 qua
494 1393 616 1424 nemo
645 1379 722 1423 illa
749 1382 1006 1434 tempestate
1034 1379 1235 1422 militaris
1254 1379 1318 1421 rei
1338 1358 1530 1421 callidior
1549 1377 1799 1431 habebatur,
1829 1378 1882 1420 de
1901 1380 1993 1421 toto

218 1474 373 1517 genere
401 1460 503 1505 belli
531 1473 723 1514 censere,
761 1459 1076 1503 festinationem
1105 1459 1322 1512 hostibus,
1353 1472 1514 1501 moram
1544 1459 1651 1512 ipsis
1679 1458 1828 1501 utilem
1857 1458 1991 1501 disse-

220 1542 331 1586 ruit:
363 1541 457 1596 (32)
487 1541 718 1585 exercitum
741 1539 906 1583 Vitellii
935 1540 1179 1583 universum
1209 1540 1442 1592 advenisse,
1473 1551 1550 1582 nec
1578 1538 1758 1582 multum
1788 1539 1940 1581 virium
1970 1547 2052 1580 a15

219 1626 353 1676 tergo,
382 1622 581 1677 quoniam
602 1620 767 1664 Galliae
796 1622 988 1663 tumeant
1017 1623 1062 1663 et
1091 1620 1287 1664 deserere
1306 1619 1443 1662 Rheni
1472 1620 1610 1673 ripam
1640 1619 1876 1672 inrupturis
1906 1621 1994 1661 tam

220 1701 384 1747 infestis
420 1701 663 1745 nationibus
698 1714 782 1744 non
819 1700 1039 1744 conducat.
1099 1700 1392 1743 Britannicum
1431 1699 1610 1743 militem
1646 1699 1770 1742 hoste
1807 1701 1853 1742 et
1888 1699 1997 1741 mari

222 1783 438 1836 distineri3
467 1782 699 1837 Hispanias
729 1781 858 1825 armis
887 1794 971 1823 non
1000 1781 1064 1824 ita
1092 1781 1353 1833 redundare;
1391 1780 1651 1834 provinciam
1679 1778 1994 1822 Narbonensem

222 1864 397 1908 incursu
436 1863 584 1906 classis
625 1866 669 1906 et
709 1863 887 1905 adverso
927 1861 1090 1916 proelio
1131 1861 1456 1913 contremuisse;
1501 1860 1687 1904 clausam
1727 1859 1909 1914 Alpibus
1953 1862 1998 1902 et

222 1943 339 1988 nullo
368 1944 498 1987 maris
527 1942 716 1987 subsidio
745 1943 1076 1997 transpadanam
1095 1941 1265 1984 Italiam
1295 1945 1422 1995 atque
1451 1941 1546 1995 ipso
1577 1941 1764 1984 transitu
1785 1940 1995 1983 exercitus
2010 1949 2053 1980 20

318 2095 336 2124 1
362 2093 448 2134 eplis
471 2103 539 2123 cum
562 2092 616 2124 lin.
642 2096 829 2123 transversa
850 2092 885 2122 in
907 2092 921 2122 l
998 2093 1018 2123 5
1042 2091 1162 2130 ignaue
1187 2089 1382 2132 uoluptaltis
1405 2089 1515 2132 (super
1538 2090 1549 2120 i
1574 2101 1636 2121 scr.
1663 2100 1680 2121 e
1707 2088 1771 2133 lm)
1850 2090 1995 2129 fraglan-

224 2139 351 2179 tissime
429 2141 448 2171 6
473 2139 572 2170 cedes
654 2140 672 2170 7
697 2139 777 2178 gyla
799 2138 857 2169 sed
878 2147 961 2169 corr.
989 2138 1069 2177 gvla
1154 2139 1174 2168 8
1199 2137 1394 2167 inhonestus
1426 2136 1606 2167 Victorius.-
1629 2136 1786 2167 Inhostus
1811 2133 1918 2178 (super
1940 2136 1996 2166 ult.

227 2195 244 2218 s
266 2183 400 2227 rasura)
478 2184 612 2216 sibimet
635 2185 741 2215 hostis
764 2185 943 2221 Rhenanus,
967 2184 1032 2214 sibi
1056 2183 1197 2214 infestus
1220 2182 1372 2214 Heinsius
1442 2183 1563 2213 seuitia
1643 2191 1666 2212 a
1680 2205 1687 2212 .
1702 2190 1732 2212 Ρ.
1829 2184 1870 2214 10
1894 2192 1998 2222 penes

229 2233 268 2263 11
294 2231 359 2263 trai
452 2233 492 2263 17
517 2231 754 2262 brittannicum
848 2231 889 2261 18
915 2229 1072 2261 destineri
1165 2231 1206 2261 19
1232 2229 1303 2269 plio

228 2379 320 2405 mero
344 2369 468 2410 plurali
502 2369 543 2400 cf.
570 2378 597 2400 c.
616 2370 659 2401 24
691 2378 802 2399 curam
818 2367 964 2408 peditum
986 2366 1095 2397 Pauli-
1129 2365 1188 2396 sed
1212 2365 1354 2396 maxime
1386 2365 1472 2396 hanc
1496 2365 1571 2396 ideo
1596 2364 1760 2405 praetuli,
1795 2364 1874 2404 quia
1906 2363 1996 2395 idem

228 2437 306 2466 nus,
329 2427 467 2466 equitum
491 2425 598 2457 Celsus
623 2435 800 2465 sumpsere,
833 2436 862 2457 c.
880 2426 920 2456 31
947 2434 1094 2455 meruere.
1130 2423 1250 2453 vitium
1282 2422 1415 2462 irrepsit
1448 2423 1484 2452 in
1516 2423 1602 2453 Med.
1627 2423 1715 2452 Ann.
1742 2422 1804 2460 15,
1831 2422 1893 2452 25:
1925 2431 1999 2460 pax

230 2486 359 2524 Drdyer
382 2484 473 2525 Synt.
500 2485 519 2525 ἓ
539 2484 593 2515 29.
618 2482 803 2523 Nipperdey
826 2483 868 2513 ad
884 2483 971 2513 Ann.
992 2484 1021 2520 2,
1039 2484 1092 2513 42.
1130 2480 1256 2511 inhosta
1290 2490 1351 2520 pro
1386 2479 1560 2510 inhonesta.
1602 2479 1758 2511 similiter
1780 2478 1868 2510 Hist.
1894 2481 1928 2519 4,
1954 2481 1995 2511 62

276 2544 329 2575 31.
377 2551 465 2573 nemo
499 2541 679 2582 inputabat]
714 2550 790 2571 nam
822 2540 963 2579 ignavus
996 2540 1094 2570 homo
1130 2547 1190 2577 pro
1214 2536 1356 2568 Medicei
1378 2535 1494 2567 inhora
1510 2537 1684 2568 Victorius
1708 2536 1865 2567 inhonora
1889 2545 1998 2567 corre-

231 2601 274 2632 ad
308 2609 361 2631 res
393 2608 498 2630 novas
531 2609 551 2630 a
581 2598 687 2629 Fabio
721 2598 862 2629 Valente
897 2601 930 2629 et
954 2571 1113 2629 Caecina¹
1130 2595 1190 2626 xit.
1232 2595 1274 2625 cf.
1302 2597 1332 2633 1,
1358 2596 1378 2626 5
1413 2594 1547 2625 accessit
1572 2594 1696 2624 Galbae
1720 2604 1781 2625 vom
1797 2604 1862 2634 pro
1884 2604 1920 2625 re
1937 2604 1998 2633 pu-

230 2658 420 2689 stimulatus
453 2659 532 2687 erat.
575 2656 617 2686 ef.
645 2658 660 2686 1
676 2679 684 2695 ,
710 2656 764 2686 52.
804 2656 889 2686 Bur.
938 2654 1096 2686 Sciebant
1131 2652 1215 2682 blica
1238 2652 1389 2691 honesta,
1424 2651 1491 2690 ipsi
1511 2660 1637 2690 anceps.
1686 2652 1705 2682 2
1721 2674 1729 2690 ,
1754 2653 1796 2683 ’16
1831 2661 1927 2689 quam
1951 2651 1999 2681 in-

230 2714 404 2747 Vitellium
429 2724 449 2745 a
471 2714 540 2745 suis
563 2722 668 2752 paene
693 2716 854 2753 coactum,
879 2713 988 2752 ipsum
1013 2721 1094 2742 nun·
1129 2709 1271 2747 honesta,
1294 2714 1360 2740 tam
1383 2713 1453 2740 tuta
1470 2708 1612 2739 servitus.
1641 2726 1682 2731 —
1706 2708 1892 2748 habebatur]
1918 2718 1995 2748 pro-

232 2781 331 2812 quam
355 2771 536 2811 quidquam
560 2770 648 2801 ultro
673 2779 829 2801 ausurum
861 2770 972 2801 fuisse.
1007 2768 1095 2799 Eun.
1131 2770 1204 2807 pter
1228 2767 1457 2807 expeditiones
1486 2767 1595 2797 claras
1627 2766 1661 2796 in
1686 2765 1860 2796 Britannia
1891 2763 1994 2806 (Anu.

231 2847 276 2854 —
300 2828 363 2860 sibi
383 2825 576 2871 inhonestus]
612 2828 686 2858 Etsi
718 2837 785 2858 non
819 2836 904 2866 nego
937 2835 1095 2866 perquam
1134 2826 1186 2864 14,
1206 2824 1261 2866 29)
1287 2827 1320 2855 et
1342 2824 1377 2854 in
1400 2824 1523 2854 Africa.
1556 2823 1644 2855 Plin.
1671 2833 1704 2853 n.
1721 2823 1753 2854 h.
1781 2823 1819 2862 5,ι
1833 2823 1896 2852 14:
1922 2821 1998 2852 Sue-

231 2886 437 2927 ingeniosam
471 2895 510 2916 ac
542 2888 679 2925 propter
705 2887 893 2915 accuratam
927 2879 1095 2917 ἀντίῗΰεσιν
1130 2882 1234 2912 tonius
1257 2881 1430 2919 Paulinus,
1455 2891 1545 2919 quem
1569 2880 1726 2911 consulem
1749 2879 1904 2917 vidimus,
1924 2879 1997 2918 pri-

232 2943 437 2984 aptissimam
455 2952 526 2974 esse
541 2942 673 2974 Heinsii
690 2942 923 2979 coniecturam,
949 2950 969 2970 a
986 2938 1095 2970 Ducb-
1130 2948 1198 2969 mue
1232 2938 1445 2968 Romanorum
1478 2938 1590 2968 ducum
1625 2941 1842 2975 tran-symm
1878 2945 1999 2975 quoque

234 3010 313 3032 nero
345 3003 532 3039 receptam,
567 2998 630 3030 sibi
659 2998 794 3039 infestus
827 2998 1002 3038 (,‚sibimet
1034 2996 1096 3036 ipsi
1132 2995 1292 3026 Atlantem
1317 2998 1379 3026 cet.

234 3056 417 3097 perniciem
440 3066 517 3087 mox
542 3057 724 3097 allaturus,
762 3056 796 3086 id
822 3055 910 3095 quod
934 3054 1002 3085 vile
1028 3055 1098 3084 erat
1178 3054 1231 3084 32.
1277 3052 1426 3092 tumeant]
1462 3051 1528 3090 „ad
1562 3050 1675 3082 turbas
1699 3050 1915 3082 concitandas
1939 3060 1997 3081 no-

236 3114 392 3144 damnum
404 3114 474 3154 2⁴⁴),
521 3117 631 3145 tamen
679 3116 815 3144 externa.
861 3110 1098 3152 probabilitate
1134 3118 1258 3147 vasque
1294 3118 1346 3138 rcs
1377 3108 1561 3139 moliendas
1593 3111 1767 3148 promptae
1791 3108 1859 3139 sint
1870 3109 1902 3148 3⁴⁴
1939 3117 2000 3139 nos

236 3170 406 3202 antecellit
421 3170 562 3201 Victorii
586 3174 618 3201 et
634 3170 799 3202 Pichenae
825 3168 887 3199 'sibi
908 3168 1097 3204 inhonestus,
1132 3167 1262 3205 ya'hren.
1309 3165 1378 3196 Cic.
1405 3165 1447 3195 ad
1472 3166 1542 3195 Att.
1572 3167 1624 3205 14,
1648 3166 1690 3195 4:
1727 3168 1804 3205 post
1827 3165 1998 3195 interitum

237 3229 414 3267 propterea
437 3226 526 3265 quod
550 3230 665 3258 ventre
690 3230 722 3258 et
746 3228 825 3267 gula
848 3225 913 3256 sibi
938 3224 1001 3255 soli
1028 3223 1098 3263 qui·
1135 3213 1304 3255 Caesaris:
1339 3226 1454 3252 tument
1476 3222 1612 3261 negocia.
1658 3221 1742 3253 lbid.
1770 3224 1809 3254 5:
1846 3222 1928 3252 hunc
1951 3231 1999 3252 re-

239 3284 314 3314 dem
338 3283 507 3314 infamiam
531 3283 768 3323 contrahebat,
803 3283 912 3313 minus
937 3290 1016 3312 vero
1042 3290 1098 3310 no·
1133 3290 1203 3310 rum
1236 3284 1395 3310 tumorem.
1442 3278 1531 3309 Plin.
1565 3278 1688 3317 Paneg.
1714 3279 1777 3310 28:
1812 3277 1996 3309 tumentibus

239 3339 336 3372 cebat
358 3340 406 3371 rei
431 3339 604 3380 publicae,
638 3350 721 3380 quae
746 3341 824 3372 item
849 3336 1038 3376 ἀντίθεσις,
1064 3341 1100 3367 ut
1128 3336 1229 3376 plebis
1253 3335 1380 3366 animis.
1405 3354 1449 3359 —
1472 3345 1535 3366 non
1558 3335 1606 3365 ita
1624 3335 1815 3375 redundare]
1841 3339 1934 3367 erant
1951 3335 1998 3365 ibi

239 3397 286 3428 ita
318 3397 445 3437 dicam,
480 3396 617 3436 obliqua
649 3396 784 3428 minime
818 3395 1004 3436 spernenda
1029 3399 1098 3426 est:
1115 3381 1118 3429 ff
1135 3394 1283 3433 legiones
1307 3392 1365 3424 VI.
1392 3393 1519 3424 Victrix
1545 3396 1579 3424 et
1603 3392 1643 3423 X.
1667 3392 1816 3424 Gemina.
1843 3410 1886 3416 —
1913 3392 2000 3423 nullo
