2176 3672
0 0 243 67 ffiwffi*
368 10 370 13 v
406 0 408 5 ’
462 0 469 9 .

0 50 3 54 s
67 49 69 54 Δ
99 27 199 54 ’,ξ-,νίῇ
230 27 233 31 ’
327 40 331 43 -

0 129 33 152 ,χλν

62 776 74 789 X
138 789 284 843 lacuit,
315 787 532 831 considunt
560 787 718 830 annati.

892 205 996 264 Gap.
1030 206 1095 250 11.
1822 209 1877 250 25

103 324 224 383 ,cipes
253 325 566 382 pertractentur.
629 323 804 375 coeunt,
837 319 916 362 nisi
947 319 1043 377 quid
1073 319 1284 362 fortuitum
1315 323 1359 362 et
1380 319 1556 362 subitum
1576 319 1736 375 incidit,
1759 321 1880 363 certis

95 395 277 460 diebus,
318 414 410 444 cum
449 403 520 443 aut
557 398 773 442 incohatur
811 398 909 440 luna
948 402 1019 440 aut
1058 398 1275 455 impletur:
1316 412 1412 440 nam
1452 397 1621 454 agendis
1651 397 1773 440 rebus
1803 399 1883 441 hoc

109 465 682 539 mpiegtjssimumffinitium
728 475 912 518 credunt.
973 489 1051 518 nec
1096 475 1254 518 dierum
1298 489 1537 530 numerum,
1582 479 1629 518 ut
1670 489 1766 530 nos,
1810 475 1883 518 sed

110 1057 256 1088 ruerunt
267 1056 427 1096 hodieque
442 1057 537 1094 sunt,
553 1056 606 1095 qni
615 1055 699 1085 satis
710 1055 826 1085 acriter
838 1052 975 1096 princi-

109 1111 171 1147 Res
185 1103 317 1136 eosdem
332 1113 404 1134 esse
428 1103 638 1140 contendant,
659 1111 741 1142 quos
757 1102 885 1132 Tacitus
900 1101 975 1132 alibi

113 1147 240 1182 nobiles
255 1151 340 1182 dieat
354 1151 478 1188 verius,
501 1153 596 1190 atque
612 1153 722 1180 nostro
737 1150 808 1189 ipso
822 1150 895 1180 loco
911 1158 975 1179 no·-

114 1195 232 1229 In'lt'um
245 1195 422 1228 consilium
439 1197 612 1237 significari
634 1197 824 1227 existiment.
854 1196 976 1233 Quibus

113 1245 322 1277 vehementer
341 1248 503 1285 repugnat
522 1255 589 1276 non
608 1254 671 1275 uno
693 1246 766 1276 loco
781 1244 904 1283 Waitz,
926 1245 976 1274 vir

114 1292 324 1331 clarissimus,
351 1294 440 1324 velut
459 1294 493 1323 in
512 1293 594 1323 libro
615 1301 673 1331 suo
695 1292 894 1327 doctissimo,
922 1293 976 1332 qui

114 1340 299 1373 inscribitur
325 1337 490 1371 Deuescloe
517 1337 849 1380 Rechtsqeschiehce,
875 1339 906 1376 1,
942 1340 975 1370 in

116 1388 382 1429 commutatione
402 1396 461 1418 sua
484 1388 605 1418 inserta
628 1388 663 1417 in
687 1387 889 1427 Allgemeine
905 1387 974 1417 Mo-

113 1433 284 1469 mtsohrist
295 1436 375 1465 1854
390 1435 481 1472 alibi;
502 1435 571 1474 ipse
586 1443 642 1465 eos
658 1434 710 1464 hic
722 1433 898 1475 principes
914 1434 975 1465 dici

113 1481 289 1519 existimet,
311 1482 366 1522 qui
380 1482 413 1512 in
428 1482 572 1512 conciliis
587 1491 629 1513 ex
650 1483 806 1513 universis
828 1483 976 1521 ingenuis

79 1548 81 1551 <
113 1529 178 1561 sint
191 1528 294 1567 electi,
308 1531 344 1560 ut
359 1529 494 1569 singulis
507 1529 686 1560 civitatibus
700 1530 767 1559 sive
779 1530 871 1568 pagis
883 1539 975 1568 prae-

114 1577 235 1607 eosent.
255 1575 391 1615 Koepke
405 1576 439 1606 in
452 1576 536 1607 libro
552 1585 650 1616 supra
665 1577 761 1607 citato
776 1587 848 1617 pag.
860 1579 897 1607 13
907 1586 975 1617 sqq.

94 1656 97 1660 ,
109 1621 287 1665 principes
311 1633 331 1654 a
350 1623 462 1654 Tacito
487 1624 581 1655 modo
610 1625 763 1664 ampliore
783 1622 878 1655 modo
902 1625 975 1655 stri-

47 1696 50 1704 .
113 1669 214 1703 onore
219 1671 385 1702 intellectu
393 1671 456 1701 dici
462 1671 643 1710 arbitratur,
651 1674 801 1703 utnostro
808 1673 880 1703 loco
887 1672 975 1711 prin-

3 1712 7 1742 Ᾰ
68 1738 70 1740 ·
113 1717 203 1764 cipes
212 1719 417 1749 nominentur
428 1728 493 1749 non
505 1720 607 1749 solum
618 1720 739 1750 iudices
751 1720 856 1758 electi,
866 1729 976 1750 verum

4 1771 15 1808 :⁴
31 1781 38 1797 ι
102 1765 210 1806 ,offam
229 1767 379 1805 generosi
399 1769 432 1797 et
449 1763 502 1806 qui
523 1767 563 1798 de
587 1768 690 1806 patria
712 1768 795 1798 bene
820 1769 976 1798 meruisse

16 1813 18 1815 ’
66 1814 74 1820 ”
113 1812 244 1845 ffloati
268 1813 341 1844 sint.
383 1814 519 1844 Tantum
549 1817 696 1845 constare
723 1815 850 1845 videtur
871 1814 975 1855 prin—

97 1858 206 1902 ·m‘pes
227 1869 284 1892 eos
307 1870 396 1899 esse,
417 1862 471 1901 qui
491 1871 613 1892 summo
629 1863 766 1893 civitatis
788 1864 855 1893 sive
871 1863 976 1902 gentis

113 1907 186 1939 loco
201 1909 364 1939 constituti
380 1909 460 1946 sint,
480 1918 545 1939 non
562 1919 671 1940 omnes
687 1910 828 1946 nobiles,
849 1911 906 1940 sed
922 1911 975 1949 qui

114 1964 157 1986 ex
189 1955 350 1986 nobilibus
379 1959 414 1986 ut
441 1957 577 1996 primum
603 1958 708 1988 locum
737 1959 884 1988 tenerent
913 1959 978 1988 sint

57 2029 62 2034 .
114 2003 240 2042 sumpti.
283 2000 388 2033 Plebis
416 2006 521 2034 autem
547 2005 705 2035 vocabulo
735 2006 764 2035 ei
792 2006 978 2044 simpliciter

113 2049 287 2090 significari
307 2051 464 2088 videntur,
480 2053 535 2091 qui
550 2061 616 2082 non
631 2055 705 2083 sunt
718 2053 891 2091 principes,
908 2052 978 2089 „die

115 2096 250 2128 Mnaso!
263 2114 298 2118 —-
308 2095 467 2137 subit-um]
476 2099 573 2129 veluti
582 2099 706 2130 hostilis
715 2100 837 2129 invasio
846 2100 977 2138 inopina

114 2143 167 2174 vel
182 2146 274 2174 atrox
290 2145 423 2184 aliquod
437 2145 559 2176 facinus
576 2147 649 2176 ilico
665 2146 904 2183 vindicandum,
926 2146 979 2176 ubi

115 2191 391 2230 convocabantur,
412 2194 447 2223 ut
467 2194 556 2223 aiunt
575 2193 699 2224 mediae
713 2194 828 2224 aetatis
845 2195 979 2233 scripto-

115 2246 179 2276 res,
197 2236 411 2269 invocatione
427 2248 600 2270 armorum
622 2241 689 2270 sive
706 2238 852 2270 clamore
870 2239 980 2270 armi-—

115 2293 209 2323 sono,
223 2284 335 2326 wdfen
349 2286 483 2327 ruosen.
499 2288 614 2327 Rogge
632 2285 674 2317 D.
687 2285 725 2318 G.
740 2297 772 2327 p.
783 2290 832 2318 47.
860 2288 981 2318 Grimm

52 2344 53 2348 ¹
116 2329 206 2363 ΚΑ.
216 2342 247 2372 p.
255 2334 325 2363 876.
335 2351 371 2355 —
385 2333 485 2364 certis
502 2332 632 2374 diebus]
649 2335 722 2365 Non
737 2336 814 2365 satis
827 2337 938 2365 noster
950 2336 981 2365 in

115 2379 178 2411 hoc
193 2381 298 2420 eapite
316 2380 483 2420 distinguit
504 2391 671 2413 commune
692 2383 830 2413 omnium
847 2383 981 2422 popula-

114 2427 196 2458 rium
216 2428 385 2458 concilium
399 2438 419 2459 a
439 2438 593 2469 pagorum
616 2431 648 2460 et
666 2430 808 2460 vicorum
827 2424 982 2460 conciliis.

48 2503 50 2506 ,
114 2473 298 2506 Posteriore
306 2477 448 2516 tempore
461 2477 598 2507 concilia
606 2477 726 2507 maiora
733 2477 920 2516 plerumque
931 2478 983 2506 vel

116 2522 232 2559 semel,
251 2522 303 2552 vel
324 2522 391 2560 bis,
411 2523 462 2553 vel
484 2526 532 2553 ter
552 2524 585 2554 in
603 2532 688 2553 anno
704 2524 833 2554 fiebant.
863 2524 983 2554 Grimm

0 2545 3 2553 ›
24 2555 55 2584 ’,ί
117 2565 157 2599 R.
171 2565 214 2599 Α.
228 2578 260 2608 p.
275 2571 334 2600 821
352 2579 421 2610 sqq.
450 2570 498 2601 De
512 2571 592 2601 locis
607 2570 649 2601 ad
665 2571 744 2601 haec
760 2570 900 2600 eoncilia
915 2571 982 2600 sive

117 2617 245 2647 comitis.
257 2617 368 2648 electis
384 2617 468 2648 idem
483 2628 514 2658 p.
524 2620 584 2648 793
600 2628 681 2658 sqq.,
697 2618 736 2649 de
752 2618 814 2649 diei
830 2620 984 2657 tempore,

58 2682 67 2689 ι
117 2673 181 2704 quo
201 2664 416 2702 habebantur,
438 2675 468 2704 p.
486 2667 545 2696 813
561 2675 630 2706 sqq.
660 2666 737 2695 Eius
759 2666 887 2705 generis
906 2673 983 2694 con-

117 2710 224 2741 cilium
244 2711 369 2743 mediae
390 2713 504 2743 aetatis
526 2714 699 2752 scriptores
715 2712 880 2751 appellant
894 2709 984 2741 mal-

116 2755 187 2788 lum
200 2755 394 2799 leqitt’mum,
409 2757 502 2799 ἒΙιαΓι
519 2757 607 2801 dinq.
638 2760 668 2791 J.
685 2760 739 2790 Gr.
756 2758 795 2789 13.
812 2756 852 2788 A.
868 2769 898 2798 p.
915 2761 983 2788 827.

117 2801 261 2835 Mallum
274 2806 358 2837 idem
367 2816 439 2837 esse
450 2807 584 2844 videtur,
602 2807 688 2847 quod
697 2807 851 2836 Gotorum
869 2803 984 2839 nrathl,

117 2853 240 2890 contio,
260 2853 346 2884 unde
366 2854 392 2884 si
407 2855 437 2885 J.
454 2855 639 2884 Grimmium
657 2854 709 2891 (D.
726 2854 780 2884 Gr.
796 2852 845 2890 1³,
863 2863 892 2892 p.
913 2854 983 2890 170)

117 2899 246 2937 audias,
263 2900 469 2932 Theotiscum
484 2902 585 2932 oritur
600 2898 732 2938 mahal,
754 2900 839 2940 quod
856 2901 984 2939 saepius

117 2946 237 2986 legitur
263 2947 296 2977 in
325 2949 464 2978 carmine
489 2945 661 2988 Muspilli‚·
687 2956 746 2978 nec
768 2946 984 2983 dubitandum,

118 2995 193 3034 quin
216 2994 289 3025 loca
310 3004 453 3035 quoque,
478 2995 592 3035 quibus
616 2995 815 3025 habebantur
839 2995 984 3030 concilia,

118 3050 235 3072 nomen
255 3042 330 3072 inde
351 3043 506 3073 traxerint
525 3043 611 3073 velut
628 3039 797 3082 Malbery,
822 3038 985 3082 DDelmohl,

119 3088 193 3119 olim
204 3085 400 3119 Theoemalli
415 3089 666 3128 (Foerstemann,
684 3090 734 3119 die
743 3090 783 3119 D.
794 3089 983 3119 Ortsnamcn

117 3144 149 3175 p.
163 3137 225 3175 95).
240 3136 288 3167 De
300 3134 468 3173 mac-kalo,
481 3136 565 3176 quod
581 3137 612 3166 in
625 3137 712 3175 Lege
725 3136 830 3166 salica
844 3136 890 3165 tit.
905 3137 953 3171 16,
967 3136 984 3163 3

119 3182 237 3222 legitur
245 3185 278 3214 et
287 3180 442 3213 horreum
449 3182 522 3213 sine
531 3186 616 3213 tecto
627 3183 805 3223 significare
814 3181 937 3217 dicitur,
946 3181 984 3210 cf.

119 3229 272 3260 Milllenh.
280 3230 313 3260 in
321 3231 342 3260 1.
353 3230 384 3260 S.
393 3231 555 3261 aWaitzio
565 3230 660 3266 edita,
669 3232 770 3269 p.289.
778 3230 851 3259 Alia
858 3228 984 3258 concilii

120 3277 249 3308 nomina
256 3279 330 3308 sunt
338 3274 417 3318 dinq
427 3274 625 3318 (ιαῃαάὶηρ,
633 3273 984 3315 ver-meidiqen),apud

70 3318 77 3326 ’
121 3324 367 3363 Anglosexones
383 3323 458 3360 ηιῦι,
472 3322 595 3364 ῃαηιῦι,
614 3323 708 3362 Angl.
725 3325 816 3359 meet,
833 3319 983 3360 meeliny.

52 539 79 613 3³„
107 545 291 600 noctium
334 557 583 613 computant.
645 554 703 595 sic
749 554 1023 607 constituunt,
1066 554 1124 595 sic
1171 552 1408 595 condicunt:
1455 567 1540 595 nox
1581 552 1729 596 ducere
1775 553 1883 596 diem

26 639 53 658 ·““·
67 639 78 684 ᾗ
109 616 285 679 ridetur.
335 632 435 676 illud
466 647 521 676 ex
551 631 739 674 libertate
771 631 938 685 vitium,
962 631 1071 688 quod
1091 645 1174 673 non
1196 631 1317 673 simul
1336 644 1414 673 nec
1434 635 1480 672 ut
1499 631 1600 672 iussi
1621 631 1909 685 conveniunt‚⁶

60 710 186 767 §sed
224 714 268 755 et
306 711 411 754 alter
451 714 494 753 et
534 710 681 752 tertius
723 708 810 751 dies
852 709 1125 770 cunctatione·
1141 708 1375 751 coeuntium
1411 708 1648 750 absumitur.
1689 712 1736 749 ut
1765 708 1884 751 turba

780 787 987 829 silentium
1017 801 1093 843 per
1123 785 1384 839 sacerdotes,
1416 785 1560 841 quibus
1590 789 1677 827 tum
1708 789 1751 827 et
1771 789 1883 828 coer-

150 896 152 899 ’
216 903 244 933 1.
264 903 546 943 praetractentur
575 900 611 931 O.
635 915 679 923 -κ
699 902 728 930 2.
758 896 942 929 inchoatur
962 899 988 930 B
1005 899 1041 930 G.
1069 915 1106 920 -
1134 900 1163 929 6.
1194 894 1297 928 turba
1327 898 1526 928 Gronovius:
1559 895 1677 928 turbae
1707 897 1822 928 ABG.
1846 914 1883 920 -

72 946 90 987 Ῐ·
111 955 142 987 ⁵1.
163 958 235 986 mm
254 954 300 994 A,
323 963 399 985 cum
421 953 463 992 O,
486 957 599 984 tamen
620 954 658 984 B.

1024 1053 1172 1084 Ceterum
1197 1052 1259 1083 hoc
1284 1052 1356 1083 loco
1384 1052 1514 1083 Tacitus
1544 1052 1583 1082 de
1613 1052 1659 1083 eis
1687 1051 1885 1091 popularimn

1023 1101 1162 1130 omnium
1183 1100 1328 1130 conciliis
1352 1100 1506 1138 loquitur,
1532 1108 1612 1139 quae
1634 1102 1760 1138 praeter
1781 1102 1887 1131 cetera

1022 1147 1150 1178 nomine
1172 1147 1371 1178 comitiorum
1392 1156 1457 1176 non
1472 1146 1663 1177 indictorum
1678 1144 1887 1188 (unqebolen

1024 1191 1126 1235 dinq)
1139 1187 1368 1234 significantur.
1389 1194 1511 1224 Grimm
1521 1191 1560 1223 R.
1571 1190 1612 1223 A.
1624 1203 1654 1233 p.
1664 1195 1732 1223 821.
1743 1211 1779 1216 --
1788 1192 1885 1234 luna]

1024 1242 1079 1272 Gr.
1100 1239 1144 1272 Μ.
1165 1251 1197 1281 p.
1213 1244 1290 1272 675:
1323 1237 1551 1271 Ver-muthlich
1576 1240 1726 1282 eiqnelen
1750 1241 1887 1282 ‚qewisse

1024 1286 1122 1330 dinqe
1130 1286 1203 1319 sich
1210 1288 1270 1329 fiir
1278 1286 1340 1318 den.
1349 1286 1525 1324 neumomh
1532 1287 1657 1319 «tradere
1662 1289 1723 1330 fiir
1730 1287 1794 1319 den
1800 1287 1887 1320 voll-

1025 1334 1133 1373 mond,
1155 1334 1214 1365 der
1230 1333 1397 1366 neumond
1410 1339 1502 1377 reyte
1518 1334 1627 1367 durch
1642 1336 1733 1367 scine
1746 1334 1887 1377 [νόει-1η,

1025 1381 1085 1413 der
1100 1381 1267 1414 vollmond
1281 1381 1391 1413 durch
1411 1381 1502 1412 scine
1521 1382 1605 1423 fstlle
1621 1393 1676 1414 au.
1704 1386 1814 1415 Liceat
1833 1385 1887 1415 hic

1023 1440 1153 1462 monere
1170 1432 1240 1470 ipsa
1251 1431 1408 1461 vocabula
1420 1430 1583 1461 Sanscrita
1594 1434 1677 1468 mHs,
1694 1432 1887 1462 Graecorum

1023 1476 1140 1523 μήνη,
1162 1479 1388 1508 Germanorum
1411 1476 1489 1508 ηιίιη
1510 1479 1590 1508 nihil
1605 1479 1691 1508 aliud
1708 1478 1888 1518 significare

1024 1527 1084 1556 nisi
1101 1535 1294 1556 mensorem.
1312 1542 1349 1547 ω-
1366 1524 1527 1564 noctium]
1547 1525 1628 1556 Vide
1645 1526 1698 1556 Gr.
1715 1523 1760 1556 M.
1775 1536 1805 1565 p.
1817 1528 1887 1556 671.

1026 1575 1095 1603 714.
1112 1573 1164 1604 Sic
1175 1575 1208 1604 in
1216 1574 1303 1613 Lege
1315 1573 1419 1603 Salica
1426 1573 1462 1602 Τ.
1471 1575 1526 1603 48:
1543 1571 1630 1603 inter
1641 1571 1753 1603 decem
1765 1577 1887 1604 noctes.

1025 1621 1086 1650 Tit.
1104 1623 1157 1651 76:
1181 1629 1284 1661 super
1299 1623 1423 1661 septem
1439 1623 1551 1649 noctes
1569 1629 1644 1650 cum
1661 1617 1798 1650 testibus
1814 1629 1889 1650 eum
1952 1637 1957 1643 »

1025 1668 1280 1707 (antrustionem)
1293 1676 1417 1709 royare
1430 1665 1534 1706 debet,
1549 1671 1586 1698 ut
1598 1672 1675 1698 amc
1688 1666 1832 1698 iudicem
1844 1665 1891 1698 ad

1023 1713 1227 1757 malloberqo
1237 1713 1355 1745 debeat
1364 1714 1542 1745 convenire
1551 1725 1564 1752 ,·
1579 1715 1628 1746 sic
1637 1719 1756 1756 postea
1765 1714 1887 1746 iterato

1025 1761 1072 1793 ad
1092 1767 1204 1793 noctes
1228 1759 1321 1792 XIV.
1336 1765 1396 1793 cet.
1427 1762 1553 1801 Specul.
1572 1763 1644 1793 Sex.
1664 1765 1697 1800 1,
1719 1765 1775 1794 67:
1808 1757 1889 1791 Weu

1025 1819 1105 1840 man
1114 1808 1243 1852 belzlaqt
1252 1807 1335 1840 iiber
1342 1808 1550 1851 unqerichte,
1558 1807 1628 1839 dem
1637 1807 1701 1839 soll
1706 1818 1783 1839 man
1792 1813 1889 1850 caye—

1025 1856 1146 1899 dinqen
1159 1856 1312 1899 dreymal
1319 1855 1402 1888 'iiber
1412 1855 1447 1887 14
1458 1855 1591 1887 naclzlc.
1607 1858 1654 1888 Cf.
1663 1858 1781 1888 Scherz
1790 1858 1890 1896 gloss.

1027 1908 1117 1943 1102,
1128 1906 1421 1941 Benecke-Muner,
1430 1902 1568 1935 Mieeelh.
1585 1901 1813 1941 Wiireerbuch,
1825 1914 1850 1935 s.
1860 1914 1890 1934 v.

1025 1951 1118 1983 nahe.
1151 1954 1271 1990 „Huius
1286 1954 1334 1984 rei
1347 1955 1586 1983 monumentum
1606 1955 1707 1983 restat
1726 1954 1760 1982 in
1782 1954 1891 1992 lingua

1024 2001 1170 2040 Angues,
1182 1998 1347 2041 senuiyht,
1358 1998 1523 2040 formiqht
1535 1997 1778 2040 (severeniyffls,
1787 1999 1890 2040 four—

1027 2050 1099 2077 leen
1115 2045 1248 2088 niyltls)
1266 2047 1392 2078 dicente
1407 2050 1541 2086 septem,
1557 2047 1808 2086 quattuordecim
1823 2047 1890 2077 die-

1026 2103 1095 2124 rum
1122 2095 1287 2133 spatium.“
1318 2095 1446 2124 DUEBN.
1486 2095 1574 2124 Idem
1601 2095 1639 2125 de
1667 2095 1767 2125 Gallis
1797 2094 1892 2124 tradit

1028 2141 1146 2172 Caesar
1161 2142 1197 2171 Β.
1216 2142 1253 2172 G.
1267 2144 1296 2178 6,
1314 2143 1361 2171 18.
1387 2141 1434 2171 Cf.
1450 2142 1494 2171 ibi
1518 2142 1721 2180 interpretes.-
1747 2142 1891 2181 Linguae

1029 2188 1209 2218 Sanscritae
1231 2186 1427 2225 ηῐςᾶηὶςιιηι
1442 2188 1472 2217 h.
1489 2198 1516 2218 e.
1532 2197 1590 2226 per
1604 2191 1726 2225 noctes,
1750 2188 1890 2218 adverbii

1029 2235 1113 2274 quod
1131 2238 1180 2266 est
1194 2244 1325 2276 semper
1340 2236 1409 2265 vice
1430 2235 1588 2275 fungitur;
1611 2237 1646 2266 in
1666 2245 1811 2266 sermone
1827 2237 1890 2266 Ve-

1030 2283 1100 2313 dico
1123 2280 1273 2323 kshapas
1297 2283 1328 2312 h.
1351 2292 1378 2312 e.
1402 2286 1513 2312 noc-ces
1539 2283 1689 2322 temporis
1710 2283 1893 2322 significant

1030 2330 1147 2369 spatia3
1161 2327 1375 2367 (Ιας-(ινᾶὶνα-
1385 2327 1496 2369 (rir‘tri
1508 2330 1585 2367 nox)
1595 2331 1645 2359 est
1654 2329 1763 2359 decem
1771 2329 1892 2360 dierum

1030 2377 1175 2416 spatium.
1191 2377 1228 2407 In
1241 2377 1322 2407 libro
1335 2385 1436 2413 sacro,
1448 2378 1501 2416 qui
1514 2377 1629 2407 dicitur
1636 2374 1771 2413 Avesta,
1782 2375 1893 2406 nocti-

1031 2421 1091 2453 bus
1108 2426 1330 2462 computantur
1352 2426 1503 2463 tempora.
1542 2424 1590 2454 Cf.
1610 2425 1731 2461 Pictet,
1753 2421 1798 2453 les
1819 2422 1891 2453 ori-

1030 2469 1124 2512 qines
1141 2467 1498 2511 ,ludo-Emvpe'enues
1511 2493 1518 2507 ‚
1540 2474 1561 2500 t.
1577 2471 1622 2507 11,
1638 2481 1668 2509 p.
1685 2472 1754 2500 588.
1772 2488 1807 2492 -—
1826 2479 1893 2499 noa·

1032 2516 1155 2547 ducere
1177 2516 1260 2547 diem
1286 2516 1429 2557 ridetur]
1453 2518 1491 2548 cf.
1508 2519 1612 2548 Pictet
1632 2518 1652 2547 l.
1674 2517 1767 2547 modo
1783 2518 1818 2554 1.,
1839 2518 1892 2556 qui

1032 2566 1127 2595 etiam
1138 2566 1303 2604 Rigvedae
1318 2566 1423 2595 locum
1439 2566 1596 2604 quendam
1610 2566 1710 2600 affert,
1727 2574 1819 2603 quem
1831 2565 1891 2594 hoc

1031 2612 1126 2642 modo
1148 2613 1181 2642 in
1204 2613 1344 2652 linguam
1360 2613 1631 2651 Francogallicum
1651 2612 1819 2641 convertit:
1843 2612 1891 2640 Au

1032 2664 1301 2690 commencement
1328 2659 1404 2689 etait
1428 2657 1621 2689 l'obscurite.
1658 2659 1722 2688 Des
1746 2657 1892 2688 tenebres

1032 2708 1205 2746 profondes
1227 2707 1474 2746 enveloppaient
1496 2709 1564 2736 tout
1586 2714 1704 2735 comme
1727 2715 1769 2735 un
1793 2703 1891 2735 ocean

1033 2764 1106 2785 sans
1118 2753 1258 2784 lumicre.
1283 2754 1345 2784 Sed
1362 2754 1471 2783 dubito
1488 2763 1562 2783 num
1578 2753 1649 2783 inde
1666 2754 1891 2782 Germanorum

1032 2803 1226 2840 aliorumque
1242 2802 1431 2840 populorum
1448 2801 1598 2839 temporis
1621 2800 1812 2838 computatio
1829 2800 1891 2829 ori-

1033 2850 1138 2888 ginem
1151 2849 1286 2879 duxerit.
1300 2866 1334 2869 —
1346 2845 1686 2879 sic1·⁰nseitnme!,sic
1697 2844 1891 2883 condia-une]

1033 2897 1089 2925 Est
1113 2897 1201 2934 quasi
1227 2895 1359 2925 formula
1380 2895 1467 2924 iuris.
1498 2894 1624 2923 Cincius
1645 2893 1730 2932 apud
1747 2893 1827 2923 Gell.
1846 2894 1891 2927 16.

1034 2946 1067 2979 4,
1091 2945 1123 2971 4:
1150 2946 1257 2971 status
1281 2939 1496 2970 condictusve
1520 2938 1587 2969 dies
1612 2949 1684 2969 cum
1710 2937 1810 2968 lansec.
1845 2937 1891 2966 Su

1033 2993 1140 3019 selzen
1157 2988 1203 3017 sie
1217 2989 1293 3028 sese,
1308 2997 1343 3017 so
1362 2986 1540 3017 beranmen
1557 2986 1603 3016 sle
1620 2996 1675 3017 an.
1698 2986 1843 3016 Gerlach.
1854 3003 1888 3006 -κ-

1035 3046 1095 3066 uec
1114 3040 1147 3065 n!
1164 3034 1258 3074 iussi}
1276 3045 1363 3065 suam
1378 3036 1556 3064 libertatem
1577 3035 1608 3064 in
1624 3034 1684 3063 hoc
1701 3042 1824 3072 quoque
1842 3041 1890 3061 re-

1034 3085 1186 3114 tinentes:
1206 3092 1288 3119 „non
1306 3082 1395 3121 quasi
1408 3084 1556 3120 parentes
1569 3081 1700 3119 imperio
1713 3080 1890 3109 contionem

1034 3130 1219 3166 indicentis,
1242 3129 1300 3159 scd
1316 3129 1411 3158 veluti
1428 3127 1592 3157 commodo
1612 3130 1642 3157 et
1658 3126 1787 3155 arbitrio
1803 3128 1888 3154 su0.“

1035 3179 1140 3207 (inor.
1159 3193 1193 3197 —
1215 3180 1249 3205 m
1274 3173 1373 3205 turba
1394 3173 1539 3215 plur-uili
1569 3173 1684 3203 Solmld
1704 3173 1753 3202 die
1770 3172 1889 3201 Anznlil

1034 3234 1126 3263 gross
1148 3232 1256 3263 gcnug
1277 3223 1445 3253 erscheint.
1482 3221 1529 3251 (tf.
1547 3221 1652 3250 Livius
1677 3222 1730 3255 39,
1755 3221 1807 3247 30:
1837 3214 1891 3246 alu·

1033 3270 1116 3301 satis
1124 3268 1286 3311 placuere
1295 3268 1393 3302 τίνω,
1403 3269 1433 3298 h.
1443 3278 1470 3298 e.
1484 3268 1560 3298 satis
1572 3275 1703 3305 magnae
1716 3269 1747 3294 et
1759 3264 1889 3294 idoneae

1034 3319 1118 3348 visae
1142 3320 1231 3354 sunt;
1258 3318 1380 3353 33„ss1:
1411 3324 1485 3343 vum
1505 3312 1649 3354 primum
1667 3311 1711 3341 eis
1735 3320 1786 3339 res
1808 3318 1890 3338 suae
