2176 3672
694 312 863 356 LIBER
891 313 970 356 111.
1030 313 1132 369 Cap.
1164 315 1231 358 50.
1262 315 1330 358 51.
1361 312 1429 357 52.
1860 311 1943 355 427

178 430 317 472 motas
345 440 396 470 ex
426 426 530 470 urbe
558 427 796 482 praetorias
827 427 1018 471 cohortes
1046 427 1270 471 audierant
1300 433 1343 471 et
1372 427 1508 471 teneri
1537 427 1762 481 praesidiis
1775 427 1946 482 Appen·

177 507 320 551 ninum
350 507 564 552 rebantur.
624 512 668 551 et
695 508 811 563 ipsos
839 507 880 551 in
912 508 1083 561 regione
1123 508 1233 551 bello
1273 508 1427 551 attrita
1465 507 1608 562 inopia
1647 510 1691 551 et
1719 507 1947 551 seditiosae

175 587 359 632 militum
400 599 523 631 voces
563 589 778 631 terrebant
819 587 1047 631 clavarium
1088 587 1296 641 (donativi
1336 600 1486 631 nomen
1526 588 1610 643 est)
1648 586 1946 641 flagitantium.

175 679 252 712 nec
280 668 500 722 pecuniam
530 672 609 711 aut
638 667 895 711 frumentum
931 668 1220 722 providerant,
1262 672 1307 711 et
1344 667 1563 711 festinatio
1600 671 1730 722 atque
1766 667 1950 711 aviditas

174 747 519 804 praepediebant,
565 749 665 791 dum
706 760 813 802 quae
842 747 977 802 accipi
1006 751 1206 803 poterant
1235 747 1472 802 rapiuntur.
1531 746 1624 803 (51)
1654 747 1949 791 celeberrimos
1986 757 2006 788 ⁶

173 831 368 872 auctores
397 827 534 872 habeo
562 832 724 871 tantam
764 827 993 872 victoribus
1033 828 1238 871 adversus
1277 827 1342 870 fas
1381 827 1579 882 nefasque
1619 828 1944 871 inreverentiam

173 907 316 962 fuisse,
346 912 395 951 ut
423 908 644 963 gregarius
673 920 800 962 eques
828 908 1011 952 occisum
1049 921 1076 950 a
1105 920 1150 950 se
1179 908 1372 963 proxima
1401 908 1492 951 acie
1522 906 1698 951 fratrem
1729 908 1946 963 professus

171 989 403 1044 praemium
443 1001 470 1031 a
512 988 691 1032 ducibus
726 988 909 1042 petierit.
968 1001 1044 1032 nec
1073 988 1157 1031 illis
1186 991 1263 1031 aut
1290 987 1495 1031 honorare
1536 1001 1627 1031 eam
1669 988 1839 1032 caedem
1880 989 1948 1031 ius

171 1068 385 1112 hominum
406 1072 483 1111 aut
512 1067 658 1112 ulcisci
689 1069 800 1111 ratio
828 1067 928 1111 belli
957 1068 1247 1122 permittebat.
1277 1067 1533 1112 distulerant
1560 1073 1763 1122 tanquam
1789 1068 1947 1112 maiora

171 1149 368 1192 meritum
399 1161 526 1203 quam
556 1161 665 1203 quae
694 1149 840 1191 statim
873 1148 1185 1200 exolverentur3
1227 1160 1301 1191 nec
1340 1148 1569 1202 quidquam
1601 1148 1715 1191 ultra
1744 1149 1943 1192 traditur.
1961 1139 2001 1191 io

171 1232 358 1273 ceterum
387 1233 432 1272 et
468 1228 684 1283 prioribus
724 1229 877 1273 civium
919 1228 1041 1272 bellis
1080 1241 1160 1283 par
1198 1228 1335 1272 scelus
1365 1228 1583 1272 inciderat.
1644 1241 1740 1272 nam
1770 1229 1943 1289 proelio,

169 1321 253 1363 quo
281 1310 396 1363 apud
424 1308 657 1353 Ianiculum
688 1309 892 1352 adversus
922 1307 1098 1352 Cinnam
1126 1312 1359 1363 pugnatum
1390 1312 1468 1361 est,
1509 1308 1794 1362 Pompeianus
1823 1309 1944 1353 miles

170 1389 342 1433 imtrem
374 1401 508 1442 suum,
537 1389 634 1432 dein
665 1389 831 1443 cognito
861 1389 1046 1432 facinore
1073 1401 1119 1432 se
1148 1390 1287 1443 ipsum
1318 1388 1544 1440 interfecit,
1572 1392 1621 1432 ut
1652 1389 1826 1432 Sisenna
1856 1402 1943 1432 me-

168 1473 327 1513 morat:
370 1472 490 1513 tanto
529 1470 666 1513 acrior
705 1470 820 1524 apud
862 1469 1052 1523 maiores,
1093 1469 1202 1513 sicut
1231 1469 1463 1512 virtutibus
1492 1469 1643 1523 gloria,
1671 1469 1735 1512 ita
1763 1469 1940 1524 flagitiis

168 1549 430 1604 paenitentia
458 1548 554 1593 fuit.
613 1550 689 1593 sed
721 1549 827 1593 haec
855 1550 1024 1603 aliaque
1066 1562 1117 1593 ex
1156 1554 1300 1593 vetere
1330 1549 1532 1594 memoria
1560 1550 1711 1604 petita,
1748 1550 1940 1605 quotiens
1955 1559 1996 1590 ιε

168 1642 237 1672 res
266 1630 466 1684 locusque
494 1631 687 1685 exempla
726 1631 834 1674 recti
861 1635 938 1674 aut
966 1631 1123 1674 solacia
1153 1630 1253 1674 mali
1282 1635 1447 1685 poscet,
1486 1631 1603 1674 haud
1643 1631 1826 1674 absurde
1855 1644 1940 1674 me-

167 1710 437 1754 morabimus.
482 1711 576 1766 (52)
595 1711 780 1754 Antonio
810 1710 1071 1766 ducibusque
1099 1711 1286 1766 partium
1317 1710 1533 1766 praemitti
1564 1711 1728 1765 equites
1757 1723 1941 1754 omnem·

167 1802 249 1844 que
276 1790 495 1834 Umbriam
525 1790 735 1846 explorari
765 1791 940 1846 placuit,
983 1792 1019 1834 si
1060 1804 1144 1846 qua
1173 1792 1411 1846 Appennini
1441 1791 1540 1846 iuga
1580 1791 1826 1835 clementius
1865 1792 1940 1834 ad-

167 1870 352 1924 irentur;
390 1871 518 1915 acciri
557 1871 722 1924 aquilas
764 1872 969 1925 signaque
1009 1875 1071 1923 et,
1112 1871 1318 1926 quidquid
1359 1871 1551 1915 Veronae
1593 1870 1775 1914 militum
1816 1870 1937 1922 foret,

166 1949 416 2006 Padumque
456 1956 500 1994 et
542 1964 660 1994 mare
700 1951 1003 1995 commeatibus
1045 1952 1256 2005 compleri.
1317 1955 1438 1995 erant
1466 1952 1577 1994 inter
1607 1952 1734 1994 duces
1764 1951 1836 2006 qui
1867 1964 1937 1994 ne·
1951 1961 1994 1992 20

166 2034 328 2074 cterent
374 2043 532 2074 moras:
582 2031 739 2086 quippe
782 2031 935 2075 nimius
976 2032 1059 2075 iam
1104 2032 1315 2075 Antonius
1358 2036 1403 2075 et
1443 2032 1622 2075 certiora
1663 2044 1714 2074 ex
1742 2032 1938 2075 Muciano

166 2110 459 2165 sperabantur.
491 2123 671 2166 namque
692 2112 911 2155 Mucianus
940 2115 1028 2155 tam
1059 2111 1184 2155 celeri
1214 2111 1392 2155 victoria
1419 2112 1581 2163 anxius,
1611 2115 1655 2154 et
1675 2112 1717 2154 ni
1737 2123 1937 2165 praesens

166 2190 269 2234 urbe
296 2190 519 2246 potiretur,
549 2196 765 2246 expertem
796 2204 841 2236 se
870 2192 971 2235 belli
999 2192 1241 2246 gloriaeque
1272 2195 1391 2235 ratus
1411 2193 1466 2234 ad
1487 2192 1672 2235 Primum
1704 2195 1748 2235 et
1778 2191 1935 2235 Varum

167 2271 307 2314 media
346 2271 641 2326 scriptitabat,
680 2272 924 2315 instandum
964 2272 1125 2326 coeptis
1163 2275 1239 2315 aut
1279 2283 1426 2315 rursus
1465 2272 1689 2315 cunctandi
1728 2271 1937 2315 utilitates

305 2388 325 2417 2
349 2387 483 2426 regione
506 2388 671 2418 Faenum.-
705 2388 833 2427 legione
926 2389 946 2419 3
971 2385 1136 2431 [donativi
1171 2397 1290 2419 nomen
1325 2388 1385 2429 est]
1409 2386 1552 2418 canalio
1646 2388 1663 2417 7
1688 2386 1856 2426 gregarios
1879 2388 1938 2418 sed

166 2444 248 2465 eor-r.
276 2435 336 2464 ln.
409 2435 429 2465 9
454 2433 650 2465 distulerunt
671 2433 732 2464 det.
808 2436 848 2465 10
872 2442 969 2472 quam
994 2443 1076 2472 quae
1102 2433 1312 2465 Puteolanus:
1335 2436 1488 2472 quanquE
1582 2433 1716 2473 ll'plio
1789 2435 1829 2464 18
1855 2439 1935 2473 aput

167 2482 210 2512 18
232 2480 302 2520 ipae
325 2477 384 2509 Al.
407 2479 540 2519 Ruperti
627 2480 760 2511 sisenna
782 2481 904 2518 (notam
935 2479 995 2511 dd.
1026 2479 1101 2519 lm.)
1208 2482 1247 2510 14
1273 2483 1352 2520 aput
1443 2478 1556 2518 flagitii
1590 2479 1650 2509 det.
1758 2480 1800 2510 22
1826 2479 1934 2519 Nanq3

166 2527 209 2556 23
233 2530 400 2566 poteretur
425 2525 597 2556 Dodo-loe»
688 2527 732 2557 24
756 2525 859 2565 ceptis

166 2651 254 2683 Iulia
277 2652 454 2690 Fanmris,
484 2650 583 2682 bodie
616 2651 707 2682 Fano
740 2652 826 2682 inter
849 2651 1031 2683 Ariminum
1047 2644 1051 2722 ἲ
1067 2651 1181 2683 Tacito
1217 2653 1273 2681 aut
1304 2649 1442 2681 Sisenna
1480 2650 1588 2690 potius
1622 2650 1785 2682 consentit
1818 2650 1933 2682 Livius

165 2712 198 2740 et
220 2710 401 2740 Anconam.
426 2725 470 2732 —
502 2705 695 2751 clavarium]
720 2708 814 2747 quasi
847 2718 912 2747 quo
944 2708 1031 2738 clavi
1048 2727 1049 2753 ᾖ
1066 2709 1219 2748 Epium.
1246 2710 1279 2738 et
1303 2707 1440 2737 alterum
1463 2706 1600 2737 militem
1625 2707 1658 2737 in
1683 2707 1831 2748 Pompeii
1841 2717 1931 2739 exer-

164 2766 346 2806 caligarum
368 2766 467 2797 soleis
491 2765 666 2803 suffigendi
683 2769 879 2802 emerentur,
905 2764 1030 2804 StieJel·
1047 2766 1049 2814 j
1065 2766 1131 2797 citu
1154 2765 1279 2801 statuit,
1314 2765 1452 2794 alterum
1477 2763 1614 2795 Cinnae.
1648 2766 1683 2794 at
1715 2763 1865 2795 Valerius
1898 2766 1933 2803 5,

163 2823 339 2863 magala.
380 2823 486 2854 simile
517 2822 710 2853 calcearium
745 2823 832 2854 Suet.
872 2822 972 2863 Vesp.
999 2823 1030 2853 8.
1047 2816 1051 2875 Ξ
1068 2825 1101 2862 5,
1144 2824 1165 2853 4
1195 2831 1255 2862 pro
1291 2821 1397 2853 Cinna
1428 2819 1606 2851 Sertorium
1639 2820 1818 2860 substituit,
1858 2830 1931 2853 cum

165 2881 307 2912 militare
346 2881 408 2912 hoc
442 2879 658 2917 vocabulum,
705 2881 795 2910 cuius
836 2878 1030 2918 significatio
1046 2884 1050 2911 Ι
1066 2890 1130 2919 quo
1154 2883 1187 2911 et
1211 2879 1351 2911 Orosius
1373 2876 1472 2908 sentit
1496 2878 1527 2913 5,
1556 2879 1629 2909 19«
1653 2877 1748 2908 Lu’s.

165 2939 338 2978 plerosque
369 2937 504 2974 latebat,
541 2946 620 2967 saue
652 2936 869 2978 explicatione
902 2926 1049 2982 egebat,f{
1111 2938 1164 2968 52.
1192 2933 1385 2976 elementum]
1422 2934 1528 2964 minus
1563 2934 1674 2973 ardue,
1708 2934 1763 2965 ubi
1797 2935 1931 2973 quidem

166 3004 263 3034 quam
294 2995 397 3026 nolim
434 3003 507 3026 cum
533 2994 721 3026 Castalione
756 2998 853 3032 atque
876 2993 1029 3023 Ernestio
1046 2983 1049 3028 ξ
1065 2993 1160 3024 colles
1184 2993 1347 3024 dementer
1370 2991 1590 3030 adsumentes,
1616 2995 1651 3021 ut
1673 2991 1804 3023 Tacitus
1828 2992 1930 3032 loqui-

165 3061 225 3092 pro
249 3052 390 3083 insiticia
411 3051 543 3083 habere.
1046 3039 1117 3082 3tur
1139 3052 1224 3081 Anu.
1252 3050 1304 3085 13,
1331 3049 1384 3080 88.
1409 3048 1543 3078 nunna.
1580 3047 1688 3078 Germ.
1718 3049 1756 3078 1:
1792 3048 1882 3079 molli
1901 3053 1931 3080 et

211 3109 265 3139 οι.
289 3112 432 3139 amore·
455 3108 565 3149 ιιώω]
590 3109 719 3139 sicmv.
736 3110 768 3145 9,
793 3108 849 3143 es.
867 3110 908 3140 a:
929 3106 1028 3137 nabeo
1046 3095 1048 3117 ²
1064 3107 1233 3137 cunum
1263 3105 1346 3136 eaeo
1362 3107 1495 3143 --07-00.
1525 3122 1567 3128 -
1591 3104 1717 3145 neniam]
1752 3105 1848 3137 nimis
1873 3115 1930 3146 po-

165 3168 367 3195 auctora—
382 3164 593 3197 Romanoa—
607 3166 716 3197 solitos
740 3170 799 3196 cet.
818 3182 862 3187 —
879 3161 1027 3206 Sisenna]
1045 3192 1047 3222 ¹
1063 3168 1136 3195 tens
1159 3173 1196 3194 ac
1220 3162 1390 3203 superbus.
1418 3179 1460 3185 ——
1486 3172 1524 3192 ex
1549 3162 1710 3202 Muciano]
1736 3172 1826 3203 spem
1850 3165 1929 3195 mai-

166 3221 205 3252 L.
229 3220 403 3252 Cornelius
435 3221 574 3253 Sisenna
618 3225 779 3262 (mortuus
814 3232 843 3252 a.
878 3231 908 3251 u.
948 3223 1028 3259 687)
1045 3255 1046 3258 ¹
1063 3230 1152 3251 orem
1177 3220 1394 3260 praemiorum
1417 3218 1582 3250 habebant
1605 3219 1638 3249 in
1663 3219 1825 3258 Muciano,
1850 3221 1929 3251 mai-

166 3277 318 3308 laudatua
341 3278 481 3318 scriptor
495 3278 715 3314 historiarum.
740 3279 795 3319 qui
809 3279 920 3309 bellum
937 3277 1028 3308 cim'le
1044 3266 1047 3282 ⁸
1064 3278 1129 3309 oria
1153 3277 1296 3315 virtutis,
1320 3276 1488 3314 dignitatis
1512 3279 1544 3306 et
1559 3276 1686 3315 gratiae
1702 3277 1789 3317 apud
1806 3277 1927 3318 Vespa-

166 3334 331 3366 &uam
346 3339 582 3375 composuerat.
598 3337 678 3368 Sall.
696 3336 766 3376 lug.
782 3338 838 3372 95,
858 3338 888 3367 2.
908 3335 1026 3365 Vellei.
1043 3317 1047 3392 Q
1063 3334 1191 3365 sianum
1215 3332 1297 3364 viro.
1325 3333 1408 3364 Eun.
1425 3350 1467 3356 —
1478 3331 1652 3376 petit-stud
1678 3333 1718 3364 de
1741 3333 1803 3365 bac
1822 3335 1929 3365 forma

166 3394 200 3431 2,
223 3393 255 3423 9.
289 3391 397 3422 Hem.
421 3391 513 3422 Pem-
545 3392 781 3423 Histoi-ficorum
815 3393 907 3423 Rom.
942 3392 1026 3430 frag·
1062 3394 1110 3421 ter
1134 3390 1167 3421 in
1192 3389 1335 3421 historiis
1358 3393 1515 3430 usurpata
1538 3399 1570 3420 v.
1587 3390 1699 3420 Bit-ker
1713 3390 1816 3422 Tacit.
1845 3391 1926 3422 For-

165 3451 277 3480 meuta
300 3447 446 3490 (Lipsiae
472 3446 572 3488 188³)
603 3458 635 3489 p.
672 3449 876 3480 lvo—189.
926 3448 1028 3480 ›Cum
1063 3446 1227 3478 menlehre
1259 3446 1278 3485 5
1313 3448 1365 3477 61.
1398 3464 1441 3469 -
1474 3445 1591 3486 mdia]
1628 3446 1810 3486 ambigua,
1846 3448 1925 3477 nibil
