2176 3672
680 320 850 366 Lissa
877 321 954 366 111.
1015 321 1115 378 Gap.
1145 323 1212 367 57.
1245 314 1314 368 58.
1345 323 1412 367 59.
1848 324 1932 370 433

166 447 277 489 rem3
306 447 358 480 ac
384 435 573 491 plerique
603 436 719 480 haud
746 437 923 491 proinde
952 437 1169 481 Vitellium
1199 451 1324 493 quam
1355 450 1499 482 casum
1529 438 1748 495 locumque
1775 440 1930 496 princi-

165 518 296 571 pams
317 515 644 578 «miserabantur.
685 530 759 561 nec
788 518 936 562 deerat
973 518 1064 572 ipse
1102 518 1220 562 vultu
1252 531 1354 563 voce
1390 519 1576 564 lacrimis
1603 520 1932 565 misericordiam

165 595 329 649 elicere,
366 596 510 651 largus
538 598 755 652 promissis
792 603 850 651 et,
886 610 994 652 quae
1037 603 1190 642 natura
1228 600 1532 654 trepidantium
1571 605 1649 652 est,
1690 600 1931 644 inmodicus

165 677 265 732 quin
296 681 341 721 et
371 677 592 722 Gaesarem
623 690 669 721 se
688 678 773 721 dici
793 678 938 731 voluit,
967 683 1219 733 aspernatus
1239 687 1387 734 antea;
1419 681 1494 724 sed
1514 688 1615 725 tunc
1633 680 1933 735 superstitione

166 757 342 802 nominis
371 762 415 802 et
456 758 556 812 quia
585 758 627 801 in
671 762 787 802 metu
817 758 990 803 consilia
1019 760 1291 814 prudentium
1321 765 1365 804 et
1398 761 1511 815 volgi
1539 774 1683 805 rumor
1710 761 1830 805 iuxta
1858 773 1933 804 au·
1974 777 1993 807 5

164 837 349 882 diuntur.
379 842 566 882 ceterum
597 842 645 882 ut
673 838 814 882 omnia
842 839 1066 884 inconsulti
1094 841 1279 895 impetus
1308 844 1459 896 coepta
1477 842 1611 885 initiis
1631 841 1774 885 valida
1792 841 1934 896 spatio

165 917 453 973 languescunt,
494 919 627 963 dilabi
667 919 872 973 paulatim
911 923 1128 964 senatores
1158 921 1418 975 equitesque,
1447 922 1583 976 primo
1612 925 1861 965 cunctanter
1890 925 1933 965 et

164 989 237 1042 ubi
265 997 357 1054 ipse
385 1011 466 1042 non
486 1000 648 1054 aderat,
678 1012 773 1043 mox
802 1002 1074 1055 contemptim
1104 1006 1147 1045 et
1187 1001 1277 1045 sine
1303 1001 1557 1056 discrimine,
1587 1002 1719 1045 donec
1737 1001 1935 1045 Vitellius

164 1078 326 1132 pudore
354 1078 470 1122 inriti
499 1085 686 1132 conatus,
715 1092 825 1134 quae
852 1093 932 1123 non
962 1080 1187 1136 dabantur,
1217 1082 1391 1126 remisit.

278 1159 373 1215 (59)
403 1160 463 1203 Ut
490 1163 694 1204 terrorem
725 1161 877 1205 Italiae
895 1173 1090 1216 possessa
1111 1162 1308 1205 Mevania
1336 1174 1386 1206 ac
1405 1162 1521 1206 velut
1541 1165 1731 1205 renatum
1751 1174 1803 1205 ex
1823 1161 1931 1204 inte·
1950 1174 1991 1203 ιο

165 1253 242 1296 gro
271 1239 426 1284 bellum
447 1240 662 1292 intulerat,
692 1241 755 1283 ita
773 1241 888 1285 haud
909 1242 1083 1285 dubium
1104 1255 1206 1296 erga
1226 1242 1452 1286 Flavianas
1470 1245 1617 1297 partes
1635 1241 1823 1285 studium
1844 1246 1934 1284 tam

165 1319 344 1374 pavidus
372 1319 533 1364 Vitellii
562 1320 774 1364 discessus
801 1321 980 1364 addidit.
1008 1327 1174 1366 erectus
1205 1322 1370 1366 Samnis
1401 1321 1708 1376 Paelignusque
1736 1324 1781 1365 et
1802 1315 1933 1364 Marsi

165 1399 457 1452 aemulatione,
488 1401 601 1454 quod
621 1401 852 1455 Campania
870 1402 1170 1456 praevenisset,
1200 1406 1248 1445 ut
1275 1402 1318 1445 in
1339 1415 1445 1445 novo
1463 1402 1682 1456 obsequio‚·
1704 1403 1758 1444 ad
1780 1404 1932 1445 cuncta

165 1479 264 1524 belli
295 1480 438 1523 munia
466 1493 585 1524 acres
613 1484 745 1524 erant.
794 1482 869 1525 sed
898 1481 1023 1525 foeda
1052 1482 1190 1526 hieme
1218 1495 1295 1537 per
1324 1483 1550 1526 transitum
1573 1481 1809 1537 Appennini
1840 1493 1935 1526 con-

163 1558 353 1604 flictatus
374 1560 602 1614 exercitus;
632 1566 677 1605 et
705 1562 775 1604 vix
804 1562 948 1617 quieto
976 1563 1143 1616 agmine
1173 1564 1290 1607 nives
1310 1563 1593 1607 eluctantibus
1620 1562 1774 1617 patuit,
1803 1573 1992 1616 quan-1⁵

167 1643 256 1684 tum
278 1640 532 1684 discriminis
551 1641 793 1686 adeundum
815 1641 936 1697 foret,
957 1643 1000 1686 ni
1019 1643 1238 1687 Vitellium
1260 1649 1374 1687 retro
1394 1642 1564 1687 fortuna
1582 1643 1797 1694 vertisset,
1826 1653 1935 1696 quae

166 1719 380 1763 Flavianis
410 1721 587 1765 ducibus
617 1734 697 1764 non
727 1722 865 1766 minus
894 1735 1020 1776 saepe
1050 1736 1176 1778 quam
1207 1724 1317 1767 ratio
1346 1722 1499 1767 adfuit.
1542 1723 1709 1766 obvium
1740 1722 1827 1765 illic
1855 1722 1934 1765 Pe-

166 1800 304 1844 tilium
335 1800 542 1845 Cerialem
571 1801 772 1856 habuere,
802 1803 961 1857 agresti
1004 1804 1121 1847 cultu
1150 1809 1193 1847 et
1221 1804 1375 1848 notitia
1404 1804 1588 1848 locorum
1618 1802 1833 1847 custodias
1861 1801 1935 1845 Vi-

168 1880 271 1924 tellii
302 1881 501 1936 elapsum.
559 1883 794 1936 propinqua
823 1883 1021 1927 adfinitas
1053 1884 1207 1928 Ceriali
1237 1897 1330 1927 cum
1350 1885 1626 1939 Vespasiano,
1656 1869 1732 1927 nec
1759 1882 1852 1936 ipse
1872 1881 1935 1924 in-

167 1960 326 2016 glorius
355 1961 553 2014 militiae3
585 1974 716 2016 eoque
746 1964 856 2006 inter
884 1964 1012 2007 duces
1033 1964 1282 2019 adsumptus
1301 1969 1378 2008 est.
1419 1963 1566 2008 Flavio
1597 1975 1761 2018 quoque
1782 1960 1936 2005 Sabino
1949 1974 1992 2004 20

168 2052 219 2084 ac
248 2041 486 2086 Domitiano
524 2043 716 2096 patuisse
758 2043 955 2097 effugium
998 2044 1120 2088 multi
1159 2045 1394 2098 tradidere;
1438 2049 1481 2088 et
1520 2044 1638 2087 missi
1666 2043 1721 2087 ab
1751 2041 1934 2086 Antonio

168 2121 302 2164 nuntii
333 2134 409 2175 per
438 2123 579 2166 varias
607 2122 780 2166 fallendi
809 2129 926 2167 artes
956 2124 1246 2178 penetrabant,
1286 2125 1422 2168 locum
1452 2137 1503 2168 ac
1530 2123 1789 2179 praesidium
1819 2134 1934 2165 mon-

168 2204 365 2245 strantes.
427 2202 604 2246 Sabinus
634 2203 860 2247 inhabilem
891 2204 1023 2248 labori
1054 2208 1098 2248 et
1128 2205 1331 2249 audaciae
1351 2205 1635 2248 valetudinem
1656 2202 1934 2247 causabatur:

263 2377 278 2406 1
309 2375 443 2415 perinde
466 2375 528 2406 alii
618 2377 636 2405 2
662 2375 728 2407 mi’a‘
819 2378 839 2406 4
865 2379 977 2408 cesare
1069 2378 1088 2407 8
1113 2381 1208 2417 cepta
1300 2378 1317 2407 ‘1
1343 2386 1379 2408 se
1403 2357 1569 2408 senatores
1594 2374 1625 2419 (e
1649 2377 1683 2406 ἀι
1705 2385 1725 2406 a
1748 2385 1830 2406 corr.
1859 2374 1935 2409 lm.)

169 2423 191 2453 8
205 2421 414 2461 contemptim
431 2421 549 2453 ethine
565 2421 723 2453 Rotam.-
738 2421 839 2461 Etepti
858 2423 951 2454 mesti
969 2432 1011 2454 ns
1082 2425 1123 2454 10
1147 2422 1299 2462 menania
1369 2423 1411 2455 12
1429 2423 1539 2462 elignz
1562 2432 1603 2462 q;
1627 2423 1664 2461 (p
1680 2430 1837 2462 ευριπ-ιον.
1856 2419 1935 2453 2η.)

168 2468 213 2554 (1¹³2
228 2467 572 2554 mztcrlfingaguefse
595 2468 768 2506 luctantib3
842 2470 882 2499 19
918 2468 1118 2508 propinquas
1141 2471 1172 2506 (s
1196 2468 1248 2499 del
1272 2468 1348 2509 lm.)
1432 2470 1473 2500 20
1498 2467 1658 2499 Flauiano
1742 2469 1783 2499 23
1807 2465 1936 2497 Inabi13

169 2646 364 2693 maurgin
383 2649 541 2691 favorem]
570 2650 680 2681 »Haec
706 2650 869 2681 simulatio
904 2660 923 2680 a
947 2654 1034 2682 metu
1064 2643 1250 2691 Μάκαι
1271 2652 1438 2682 recusavit.
1466 2669 1507 2674 —
1546 2649 1763 2691 emeratis-ione
1785 2647 1931 2692 wambais]

169 2707 309 2747 primum
342 2706 498 2746 profecta,
530 2707 603 2739 dein
637 2707 724 2747 apud
749 2708 868 2737 multos
901 2708 934 2737 in
968 2707 1036 2738 sin-
1074 2709 1187 2747 »qnasi
1221 2718 1301 2738 vero
1335 2709 1398 2739 hoc
1434 2717 1551 2738 nomen
1587 2706 1760 2738 sanctitate
1794 2706 1934 2746 quadam
1978 2743 1982 2747 .

170 2763 377 2801 cerum'(etsi
402 2764 489 2795 baud
514 2766 732 2801 constantem)
757 2764 903 2794 favorem
928 2763 961 2794 in
980 2764 1035 2793 Vi·
1073 2773 1132 2795 sna
1155 2769 1277 2796 certam
1302 2765 1472 2805 praeberet
1494 2764 1660 2795 tutelam(
1926 2795 1934 2806 ι

170 2820 295 2851 talliam
317 2821 524 2852 transierat(
562 2821 601 2852 Oe
621 2821 705 2857 faux
728 2820 881 2852 semblant
902 2820 941 2850 de
963 2817 1035 2859 aiae,
1118 2822 1172 2853 59.
1198 2820 1360 2864 possessa]
1396 2824 1563 2860 occupata,
1587 2824 1622 2850 ut
1654 2830 1682 2851 c.
1708 2822 1745 2851 8:
1784 2829 1936 2859 possessa

170 2876 208 2907 κέ
229 2876 268 2908 de
282 2877 318 2908 la
334 2878 465 2917 oraine,
491 2878 594 2909 s'e'tait
614 2878 732 2917 chanqd
747 2888 784 2908 en
800 2878 1036 2909 οηῦωωίαηιε.
1070 2877 1140 2918 ipso
1177 2878 1316 2909 transitu
1347 2877 1477 2908 Vicetia.
1513 2894 1556 2900 -
1587 2874 1718 2919 maus]
1751 2875 1868 2908 studiis
1900 2875 1933 2907 in

172 2932 376 2965 boosson.
393 2952 436 2958 —
455 2945 562 2966 mmm
586 2932 759 2977 loc-unqua]
785 2935 936 2966 miseram
959 2945 1035 2966 con·
1073 2938 1182 2973 partes
1207 2935 1394 2966 Flavianas.
1432 2952 1473 2957 —
1510 2933 1689 2973 Campania
1707 2931 1934 2976 praeveniunt]

171 2990 331 3022 dicionem
348 2991 549 3032 principatus
573 2996 606 3023 et
621 3002 685 3032 quo
704 2992 833 3023 tandem
851 2992 1037 3023 devenisset
1072 2991 1114 3021 ad
1149 2990 1388 3030 Vespasianum
1425 2991 1587 3027 deficiens,
1623 2990 1683 3021 etsi
1716 2990 1829 3030 Capua
1863 2990 1935 3030 ipsa

174 3050 241 3077 tam
266 3046 385 3086 ignavo
405 3047 466 3080 sub
485 3053 619 3086 rectore,
642 3047 774 3088 adfeum
792 3058 864 3080 cum
880 3049 1036 3088 dignitate
1073 3048 1249 3078 etiamtunc
1281 3048 1413 3079 Vitellio
1443 3047 1509 3078 fida
1539 3050 1712 3078 manserat
1745 3057 1772 3077 c.
1797 3047 1851 3078 5¹1,
1888 3063 1932 3071 -—

172 3103 396 3134 sustinendum
428 3114 562 3144 prorsus
585 3106 741 3136 invalido.
779 3116 810 3138 v.
837 3107 922 3137 lom
959 3115 1036 3145 ergo
1071 3101 1237 3146 exa-aiau]
1257 3105 1401 3135 Antonii.
1416 3122 1458 3127 —-
1481 3103 1566 3134 nives
1582 3102 1799 3144 damnatus]
1822 3102 1933 3135 eadem

173 3159 436 3197 distinguendum
479 3171 497 3191 a
537 3171 614 3191 casu
649 3162 810 3199 significat
846 3163 1035 3202 dignitatem
1072 3161 1313 3191 constructione
1336 3163 1417 3200 Agr.
1445 3163 1505 3191 1⁷:
1541 3159 1745 3200 difficultates
1768 3160 1931 3192 eludam.

173 3215 375 3255 principatus
419 3221 587 3257 tantopere
626 3219 836 3250 deminutam.
885 3236 926 3242 —
981 3229 1036 3249 noc
1072 3216 1156 3247 Plln.
1182 3216 1265 3256 Epp.
1293 3219 1322 3253 8,
1348 3219 1380 3255 8,
1407 3219 1425 3249 2
1451 3217 1491 3248 de
1515 3217 1623 3247 sonu:
1656 3216 1820 3255 dmm,
1844 3226 1933 3255 quem

174 3271 282 3303 deerat
303 3272 371 3312 ipse
387 3291 398 3296 -
415 3291 427 3297 -
444 3272 563 3314 elicere]
599 3275 712 3307 cadem
736 3275 974 3307 constructione
999 3285 1036 3306 ac
1060 3272 1160 3315 facit,
1184 3274 1345 3312 qun-qum.
1371 3273 1516 3303 wama.
1538 3290 1576 3297 -
1596 3272 1740 3304 Panam-
1765 3272 1929 3317 Ger-{alen}

173 3329 205 3364 4,
251 3330 286 3358 1:
335 3338 391 3359 nee
429 3328 537 3360 deerat
576 3330 787 3369 wentini-uu
827 3332 956 3371 quisque
984 3349 995 3354 -
1022 3348 1035 3354 ·
1070 3330 1157 3359 Ann.
1186 3331 1237 3366 14,
1263 3331 1316 3362 32.
1343 3346 1385 3352 —
1419 3328 1579 3360 aaudiat
1611 3327 1645 3358 V.
1670 3328 1931 3373 elapsusq'Ann.

169 3383 316 3424 prodere,
357 3395 415 3424 pro
456 3386 531 3424 quin
563 3386 724 3426 proderet.
764 3407 807 3412 —
849 3393 1036 3428 aspernatus
1073 3386 1101 3422 1,
1129 3387 1167 3416 61
1202 3395 1342 3424 paenam
1366 3389 1422 3415 aut
1445 3383 1571 3415 νὰισιιὶα
1602 3385 1707 3426 clap-i
1738 3387 1779 3418 cs.
1807 3387 1934 3425 Draus?

174 3440 281 3485 anem]
316 3445 344 3480 1,
371 3439 535 3486 θῖζιδιιοι.
563 3444 804 3485 &steyn-mn
828 3442 977 3474 Ouum-is
1001 3442 1035 3471 ia
1070 3442 1163 3482 Synt.
1185 3442 1283 3481 5-40.
1307 3451 1323 3468 ‹-
1370 3459 1403 3464 -
1437 3440 1552 3471 Flavio
1576 3434 1704 3482 Sabe-o]
1741 3442 1932 3482 Vespasiani
