2176 3672
752 259 924 302 LIBER
952 260 984 302 1.
1046 259 1148 314 Cap.
1179 260 1217 303 6.
1249 259 1287 303 7.
1318 260 1358 303 8,
1860 258 1945 301 235

170 372 432 418 adferebant.
462 372 629 416 venalia
658 376 823 434 cuncta,
852 378 1155 428 praepotentes
1174 374 1340 427 liberti3
1379 385 1598 417 servorum
1617 384 1769 415 manus
1789 371 1944 415 subitis

170 455 323 499 avidae
341 457 610 508 etmqumn
636 454 753 507 apud
782 466 925 496 senem
953 453 1227 507 festinantem
1259 455 1491 508 eademque
1518 466 1654 496 novae
1670 451 1795 495 aulae
1817 452 1943 505 mala,

169 546 303 590 aeque
330 534 491 589 gravia,
518 546 602 575 non
634 546 767 588 aeque
796 537 1009 577 excusata.
1041 535 1137 588 ipsa
1166 538 1286 577 aetas
1316 533 1479 577 Galbae
1507 533 1659 577 inrisui
1688 545 1739 576 ac
1767 531 1943 575 fastidio

169 617 263 658 erat
290 614 482 658 adsuetis
511 613 709 656 iuventae
732 613 914 658 Neronis
945 619 988 658 et
1017 615 1298 668 imperatores
1327 613 1466 657 forma
1487 626 1537 657 ac
1562 614 1715 657 decore
1737 613 1943 667 corporis,

167 697 219 738 ut
245 697 314 738 est
339 707 432 737 mos
460 693 588 748 volgi,
618 694 976 748 comparantibus.
1038 695 1103 749 (8)
1132 698 1175 738 et
1197 695 1267 738 hic
1286 694 1457 749 quidem
1475 694 1648 747 Romae,
1670 697 1874 748 tanquam
1899 693 1942 735 in
1979 704 2001 735 5

166 777 291 818 tanta
316 773 601 827 multitudine,
630 774 803 818 habitus
825 776 1061 818 animorum
1084 774 1178 818 fuit.
1198 788 1222 818 e
1243 775 1474 829 provinciis
1490 773 1725 828 Hispaniae
1743 776 1945 828 praeerat

166 853 341 898 Cluvius
368 852 519 907 Rufus,
548 854 615 897 vir
642 853 853 898 facundus
883 860 926 898 et
954 855 1073 910 pacis
1104 854 1282 908 artibus,
1310 854 1434 898 bellis
1463 855 1720 908 inexpertus.
1775 852 1944 896 Galliae

165 945 295 988 super
322 935 569 977 memoriam
597 934 790 978 Vindicis
820 935 1035 990 obligatae
1063 936 1223 978 recenti
1253 936 1364 978 dono
1385 935 1603 978 Romanae
1623 934 1811 977 civitatis
1835 937 1880 977 et
1898 934 1942 976 in

162 1016 382 1068 posterum
411 1014 564 1058 tributi
590 1014 840 1058 levamento.
872 1016 1091 1070 proximae
1118 1019 1261 1059 tamen
1283 1015 1545 1059 Germanicis
1565 1013 1819 1058 exercitibus
1839 1012 1941 1056 Gal-

163 1093 318 1137 liarum
368 1095 563 1138 civitates
600 1108 684 1138 non
724 1096 872 1139 eodem
919 1095 1081 1139 honore
1118 1095 1313 1150 habitae,
1363 1096 1574 1150 quaedam
1614 1095 1743 1138 etiam
1786 1092 1941 1136 finibus
1957 1106 1998 1137 ιο

162 1174 375 1229 ademptis
412 1175 509 1230 pari
550 1175 699 1219 dolore
737 1176 959 1220 commoda
1005 1175 1145 1219 aliena
1187 1189 1238 1220 ac
1284 1188 1384 1219 suas
1424 1176 1602 1219 iniurias
1640 1174 1938 1219 metiebantur.

253 1393 276 1424 4
298 1393 434 1424 quenta
511 1395 530 1425 6
555 1393 592 1424 fit
669 1394 688 1425 ἰ
713 1393 817 1435 ιηῑιη
840 1394 875 1424 a
888 1394 959 1434 fine
980 1403 1099 1432 verm,
1123 1394 1249 1425 nebus
1272 1395 1381 1426 clarus
1398 1393 1559 1434 Afflicoza
1635 1396 1656 1426 8
1680 1372 1812 1425 ‹1012'15110
1837 1393 1883 1424 sic
1905 1393 1941 1423 in.

160 1447 281 1470 mom-a
301 1449 325 1469 a
348 1441 402 1470 2η·
471 1439 491 1469 9
525 1439 676 1479 proxime
746 1440 951 1472 Germanicis
974 1441 1150 1480 Ayricola:
1173 1440 1350 1484 gei-mainis
1421 1444 1461 1472 11
1500 1450 1560 1472 sua
1583 1440 1642 1471 sed
1662 1450 1746 1471 corr.
1772 1441 1834 1472 2m.

159 1619 263 1654 baem.
311 1621 397 1652 Anu.
424 1622 465 1660 2,
493 1623 513 1654 2
544 1622 682 1662 per-'nde
714 1622 822 1654 odium
850 1624 966 1664 pravis
1001 1629 1031 1656 et
1064 1624 1235 1655 abundans
1266 1626 1299 1654 et
1324 1622 1421 1662 pacis
1454 1622 1579 1653 artibus
1609 1622 1696 1653 idem
1728 1622 1819 1653 valet
1850 1621 1938 1661 quod

156 1678 303 1710 honestis.
325 1697 371 1703 —
395 1678 517 1723 affinis]
539 1680 650 1712 subita
665 1681 815 1713 fortunae
832 1682 1029 1724 mutatione3
1064 1680 1208 1712 civilibus
1231 1679 1354 1711 artabus
1388 1679 1483 1723 (Agr.
1509 1682 1551 1712 39
1586 1679 1694 1711 studia
1714 1679 1792 1719 fori
1812 1683 1842 1710 et
1864 1678 1939 1710 civi-

158 1745 189 1767 c-
205 1737 248 1769 69
283 1740 320 1767 ut
341 1741 387 1767 est
408 1746 477 1767 mos
499 1737 610 1775 vulgo,
634 1737 814 1769 mutabam
839 1739 958 1771 subitis.
984 1758 1029 1763 —-
1063 1738 1140 1768 lium
1163 1738 1281 1768 artium
1305 1735 1423 1779 decia).
1458 1737 1499 1768 cf.
1525 1737 1654 1775 Droeyer
1677 1736 1803 1776 Syntax
1836 1737 1856 1777 ξ
1882 1738 1936 1775 61,

153 1792 264 1831 forna
287 1804 329 1824 ac
352 1791 475 1837 decore]
498 1803 535 1826 re
558 1804 639 1826 vera
660 1796 826 1827 Neronem
850 1797 1029 1836 pulcherri-
1067 1795 1124 1826 sed
1147 1795 1273 1825 nullum
1296 1794 1401 1826 simile
1425 1794 1613 1833 exemplum
1645 1794 1791 1824 adfertur
1822 1797 1856 1824 et
1878 1794 1936 1824 ali-

158 1859 248 1882 mum
272 1851 375 1882 fuisse
398 1854 584 1882 monstrant
608 1852 678 1883 eius
695 1853 821 1893 effigies
845 1857 878 1885 et
893 1855 1026 1885 nummi.
1065 1853 1143 1892 quid
1167 1852 1283 1883 deesse
1306 1851 1486 1883 verisimile
1510 1854 1568 1882 est.
1616 1851 1683 1882 Alii
1715 1860 1775 1890 per
1799 1859 1937 1890 zeugma

157 1917 192 1939 v.
216 1908 350 1947 Moneta
371 1909 461 1939 leon.
483 1917 565 1939 rom.
590 1908 634 1939 11.
659 1918 691 1949 p.
712 1910 789 1941 219.
1064 1919 1144 1941 sane
1169 1909 1281 1940 durius
1306 1918 1347 1940 ex
1370 1918 1402 1939 v.
1428 1908 1610 1948 inexpertus
1644 1907 1718 1938 elici
1747 1907 1862 1939 iubent
1883 1917 1937 1938 ez-

203 1966 236 1997 8.
283 1969 436 2004 tanquam
466 1965 501 1996 ὄπ
527 1969 620 1996 tanta
649 1966 859 2008 multandam]
894 1977 1028 2007 „quem-
1057 1971 1181 2007 pertus.
1205 1984 1250 1990 —-
1284 1965 1385 2007 bellic]
1418 1965 1507 1996 Male
1531 1965 1588 1995 alii
1612 1963 1696 1995 belli.
1743 1964 1865 2002 „Bellis
1887 1965 1936 1995 ὑι-

157 2021 333 2054 admodum
363 2022 461 2054 aliter
491 2023 563 2054 fieri
595 2023 770 2062 nequibat,
805 2033 902 2063 quam
935 2028 971 2056 ut
994 2024 1027 2056 in
1063 2028 1210 2064 expertus
1235 2026 1294 2062 est,
1321 2022 1377 2062 qui
1401 2022 1512 2053 nullas
1536 2031 1589 2053 res
1613 2021 1703 2052 bello
1727 2022 1840 2061 gessit,
1865 2022 1936 2062 qui-

157 2078 239 2110 urbe
271 2079 503 2112 innumerabili
537 2080 705 2111 hominum
738 2081 944 2112 multitudine
978 2091 1027 2113 re·
1062 2081 1125 2112 bus
1149 2081 1287 2112 scientia
1309 2080 1461 2110 militaris
1485 2081 1758 2120 cognoscin-etun
1793 2078 1869 2109 beai
1888 2080 1935 2110 in-

158 2135 244 2167 ferta
265 2137 359 2168 multi
382 2146 512 2178 semper
535 2147 703 2170 semones
726 2138 885 2177 variaque
909 2139 1029 2170 iudicia
1064 2143 1227 2178 exponas,
1263 2137 1320 2176 qui
1343 2136 1467 2167 bellum
1491 2145 1659 2175 nunquam
1683 2135 1800 2167 vidit,“
1846 2137 1932 2168 Eun.

157 2193 200 2225 de
215 2192 323 2225 Galba
338 2193 472 2233 eiusque
489 2195 705 2227 familiaribus
722 2195 871 2226 flerent.“
896 2196 1028 2227 Dictum
1064 2199 1098 2227 et
1120 2195 1252 2226 OBERL.
1300 2193 1353 2226 Sic
1376 2193 1420 2225 Η.
1440 2194 1473 2232 2,
1492 2193 1557 2225 ⁷5:
1581 2192 1720 2231 leqiones
1744 2193 1834 2224 civili
1855 2193 1936 2225 bello

158 2253 226 2290 eat,
252 2254 290 2282 ut
311 2251 397 2282 illud
419 2251 549 2283 Horatii
572 2251 639 2283 Sat.
667 2254 697 2291 1,
716 2252 747 2290 6,
767 2253 827 2283 79:
850 2252 891 2283 In
912 2262 1028 2292 maqno
1062 2252 1255 2292 inexpertas.
1287 2252 1373 2282 Anu.
1401 2251 1463 2289 16,
1487 2251 1508 2280 5
1539 2250 1677 2280 lascivia
1699 2251 1865 2291 inexperti.
1889 2269 1935 2276 —

158 2311 195 2339 at
208 2308 341 2349 populo.
388 2308 438 2340 Ae
460 2318 595 2349 prorsus
619 2308 768 2341 similiter
791 2310 877 2341 Plut.
904 2309 944 2341 G.
971 2312 1025 2342 26.
1063 2309 1246 2340 memoriam
1276 2307 1429 2347 vindica]
1465 2307 1557 2338 cuius
1589 2307 1725 2339 illustris
1756 2309 1807 2340 sui
1831 2318 1934 2349 popu-

157 2364 194 2396 in
217 2364 433 2397 describenda
455 2366 616 2397 varietate
640 2366 815 2398 affectuum
850 2367 1028 2398 multitudi-
1064 2367 1145 2398 laris
1180 2366 1348 2397 interitum
1382 2364 1549 2404 lugebant.
1594 2365 1628 2395 Is
1662 2367 1770 2396 autem
1810 2365 1935 2398 Galbae

157 2421 211 2454 nis
232 2422 381 2454 urbanae
405 2431 486 2462 erga
510 2421 653 2454 Galbam
685 2424 742 2454 vel
766 2423 925 2456 adversus
950 2434 1028 2456 eun·
1064 2423 1237 2463 imperium
1260 2422 1424 2454 obtulerat
1457 2419 1535 2465 (Dio
1560 2422 1621 2460 63,
1647 2420 1735 2464 23),
1771 2423 1933 2463 quocirca,

160 2478 255 2511 dem:
279 2475 334 2513 οἷα
356 2475 397 2514 δὲ
419 2477 453 2513 ἐν
477 2476 604 2522 πλήθει
625 2477 788 2525 τοσούτῳ.
822 2480 942 2524 (Aliter
958 2482 1028 2521 qui-
1064 2482 1120 2521 qui
1145 2481 1215 2512 eius
1239 2484 1350 2521 partes
1382 2479 1526 2519 amplexi
1557 2482 1671 2518 erant,
1707 2480 1772 2520 ipsi
1804 2490 1933 2521 quoque

160 2536 235 2568 dem
256 2536 409 2569 Walther
432 2539 466 2569 et
486 2537 647 2568 Baebius:
673 2541 856 2577 „quatenus
879 2539 914 2570 in
938 2542 1028 2570 tanta
1063 2539 1121 2578 illi,
1146 2548 1220 2569 cum
1243 2537 1464 2578 principatum
1488 2536 1628 2576 adeptus
1652 2541 1740 2576 erat,
1765 2537 1932 2570 favebant.

160 2593 367 2626 multitudine
389 2594 572 2626 animorum
602 2594 735 2627 habitus
767 2596 914 2636 intellegi
937 2599 1027 2636 pote·
1064 2596 1161 2638 (,‚Le³
1187 2595 1322 2627 Gaulois
1346 2593 1403 2633 qui
1422 2594 1551 2624 avaient
1573 2593 1728 2626 combam
1756 2605 1828 2627 sous
1861 2595 1932 2627 Vin-

159 2653 244 2682 rat.“
293 2651 357 2683 Sed
380 2651 443 2683 hoc
465 2652 575 2692 potius
594 2652 779 2692 significare
794 2653 920 2684 voluit:
946 2654 1027 2693 „im-
1063 2653 1124 2684 dex
1146 2653 1276 2683 avaient
1297 2662 1335 2683 en
1357 2651 1487 2691 quelque
1518 2655 1601 2682 torte
1624 2650 1725 2682 donne
1751 2652 1806 2683 des
1836 2663 1934 2693 qayes

159 2708 265 2740 mensi
297 2708 452 2749 ponderis
486 2709 587 2741 fuisse
624 2709 665 2741 ad
701 2709 829 2742 Galbae
862 2711 1027 2742 interitum
1062 2712 1084 2741 a
1107 2710 1142 2741 la
1166 2719 1261 2741 cause
1284 2709 1324 2740 de
1347 2708 1474 2747 Galba,
1508 2713 1538 2739 d
1560 2718 1595 2740 cc
1618 2710 1765 2740 smmi,-
1787 2710 1932 2742 semmaa

158 2765 405 2798 accelerandum
450 2769 560 2798 tantae
606 2767 824 2799 multitudinis
862 2768 1026 2799 fastidium
1061 2768 1109 2798 lui
1138 2767 1293 2808 re'pondre
1326 2767 1364 2798 de
1386 2767 1456 2797 leur
1476 2765 1630 2805 fiddlz'tdf‘
1665 2766 1862 2809 Bumwmv.)
1886 2785 1930 2791 —

159 2822 334 2863 odiumque
356 2823 515 2855 adversus
537 2822 660 2868 eum.“)
685 2842 729 2848 —
763 2823 890 2856 Cluvius
914 2824 1026 2864 Rufias]
1062 2825 1223 2856 Romanae
1247 2823 1396 2864 cim'tatis]
1429 2823 1516 2854 Plut.
1540 2822 1579 2854 G.
1608 2825 1668 2856 18:
1702 2818 1771 2856 ’Ex
1793 2821 1833 2858 δὲ
1856 2821 1931 2859 τοῦ-

159 2879 300 2920 aeriptor
323 2880 496 2912 historicus
510 2881 689 2921 facundus,
715 2882 770 2920 qui
794 2891 847 2913 res
871 2882 1025 2921 Neronis,
1062 2893 1119 2916 του
1158 2879 1217 2914 καὶ
1249 2877 1292 2915 τοὶ
1328 2878 1475 2923 μετρίως
1512 2876 1729 2922 πραττόμενα
1768 2878 1930 2924 διαβολὴν

161 2935 306 2977 Galbae,
341 2936 501 2977 Othonis,
525 2938 649 2969 Vitellii
671 2938 818 2970 tradidit.
865 2938 915 2970 Cf.
940 2940 1025 2970 Anu.
1064 2934 1170 2982 εἶχεν,
1206 2934 1254 2976 ὥς
1284 2933 1326 2971 τά
1358 2934 1444 2979 πρὸς
1473 2934 1553 2975 τοὺς
1583 2935 1743 2975 Γαλάτας
1775 2933 1931 2972 odiumne

162 2995 216 3034 ιο,
234 2996 289 3027 so.
307 2996 361 3034 14,
386 2996 418 3027 s.
453 2995 538 3027 mat„
567 2997 596 3034 1,
623 2996 675 3028 76.
701 2998 733 3035 2,
758 2997 812 3028 58.
838 2997 890 3028 65.
917 2997 947 3034 3,
973 2993 1327 3037 65.ισυναραμένους·
1364 2990 1504 3028 ἐδόκουν
1536 2991 1602 3035 γὰρ
1633 2989 1672 3028 οὐ
1695 2993 1929 3039 φιλανθρωπίᾳ

159 3052 193 3091 4,
218 3051 272 3083 ³9.
296 3052 352 3084 43.
386 3052 473 3084 Plin.
490 3052 575 3093 Epp.
593 3055 624 3091 9,
646 3054 698 3084 19.
731 3053 929 3085 eonsul‘suit
952 3055 1027 3083 ante
1042 3040 1045 3073 ἶ
1061 3050 1119 3085 τοῦ
1144 3046 1409 3092 αὐτοκράτορος,
1434 3045 1505 3084 ἀλλ’
1530 3044 1712 3093 ὠνούμενοι
1733 3048 1824 3093 παρὰ
1847 3047 1928 3085 0132-

161 3117 281 3140 annum
305 3110 348 3141 41
374 3118 405 3149 p.
432 3109 492 3141 Ch.
517 3121 551 3141 v.
576 3111 640 3141 Ios.
666 3113 732 3141 ant.
760 3112 813 3149 19,
840 3112 870 3148 1,
898 3112 951 3142 13.
984 3109 1025 3140 es.
1061 3106 1131 3141 νίου
1154 3104 1328 3151 τυγχάνειν
1351 3102 1502 3145 ἀνέσεώς
1524 3117 1562 3140 τε
1585 3106 1727 3150 δασμῶν
1758 3106 1818 3142 καὶ
1840 3108 1929 3142 πολι-

161 3164 202 3196 de
225 3175 264 3197 eo
290 3165 348 3196 fla.
366 3167 537 3197 Mommsen
560 3167 699 3198 Hermes
722 3167 780 3198 IV.
799 3168 874 3198 318.
903 3184 944 3190 -—
964 3177 1026 3205 pa·
1043 3196 1045 3198 ,
1063 3162 1163 3202 τείας.
1213 3164 1380 3195 Primores
1397 3163 1525 3196 Galliae
1549 3164 1641 3205 prius
1663 3164 1698 3196 id
1720 3165 1771 3197 ius
1794 3174 1927 3206 accepe-

162 3220 208 3252 σὺ
229 3221 364 3263 artibus]
397 3223 459 3255 Est
481 3224 646 3255 ablativus
669 3223 855 3263 qualitatis,
879 3223 921 3253 ad
945 3232 1026 3261 quos
1042 3204 1045 3242 ¹
1063 3225 1147 3252 runt.
1196 3221 1245 3252 Ct'.
1270 3223 1357 3252 Anu.
1381 3223 1419 3253 11
1433 3244 1441 3260 ,
1467 3222 1521 3254 23.
1570 3222 1641 3253 Iam
1664 3222 1847 3262 promiscue
1871 3223 1926 3253 da-

162 3276 242 3308 olim
276 3278 471 3318 supplebant
506 3274 573 3320 ὧν,
611 3281 798 3320 praeditus,
838 3280 1026 3318 instructus,
1042 3267 1045 3306 ἶ
1062 3282 1130 3309 tum
1165 3281 1224 3310 est.
1260 3278 1408 3310 WALTR.
1446 3295 1487 3302 —
1526 3277 1652 3319 meua]
1689 3282 1823 3318 quartae
1857 3279 1927 3310 eius
