2176 3672
728 259 902 304 LIBER
929 259 1008 304 111.
1069 259 1171 315 Gap.
1200 261 1269 305 23.
1298 260 1368 304 24.
1396 259 1466 304 25.
1896 259 1981 303 409

207 375 421 431 principes
450 377 728 429 auctoresque
757 375 857 419 belli
898 374 1059 419 ciebat:
1104 374 1290 419 »frustra
1318 375 1445 419 minis
1474 378 1520 418 et
1548 374 1690 419 verbis
1730 377 1983 429 provocatos

208 453 478 508 Vitellianos,
509 455 547 498 si
575 467 729 499 manus
758 468 901 499 eorum
931 454 1157 509 oculosque
1186 468 1269 498 non
1299 455 1521 499 tolerent‹.
1571 456 1691 508 haec,
1718 458 1768 498 ut
1795 466 1984 510 quosque

207 536 475 588 accuser-at}
504 535 628 589 plura
657 537 715 579 ad
745 535 965 589 tertianos‚
996 539 1186 579 veterum
1216 536 1533 590 recentiumque
1562 537 1804 588 admonens,
1834 538 1884 577 ut
1902 534 1983 578 sub

206 615 266 659 M.
282 615 467 659 Antonio
486 615 683 669 Parthos,
697 615 775 659 sub
798 615 1034 659 Corbulone
1053 616 1289 671 Armenios,
1309 629 1444 671 nuper
1465 616 1684 660 Sarmatas
1705 615 1983 670 pepulissent.

205 707 304 740 mox
331 695 523 740 infensus
552 696 837 750 praetorianis
874 708 997 739 ›vos‹
1029 696 1169 750 inquit
1202 697 1309 740 »nisi
1338 696 1522 751 vincitiS‚
1554 696 1724 751 pagani,
1755 696 1851 750 quis
1871 695 1982 738 alius

206 776 450 830 imperator,
479 788 589 830 quae
618 782 761 820 castra
789 776 875 819 alia
904 776 1148 831 excipient?
1186 776 1275 820 illic
1304 778 1428 832 signa
1456 790 1658 831 armaque
1697 780 1844 820 vestra
1881 779 1983 819 sunt

205 859 250 900 et
268 868 383 900 mors
411 856 559 900 victis:
589 869 687 900 nam
707 857 978 911 ignominiam
1000 857 1364 912 consumpsistis«.
1396 858 1582 912 undique
1602 857 1761 901 clamor
1780 860 1824 900 et
1843 856 1980 900 orien-

205 939 292 980 tem
320 935 450 980 solem
479 936 561 990 (ita
589 937 634 980 in
664 936 789 991 Syria
830 949 920 980 mos
950 940 1038 991 est)
1068 937 1243 981 tertiani
1282 937 1534 981 salutavere.
1594 937 1689 992 (25)
1718 949 1853 991 vagus
1882 936 1983 979 inde

205 1028 262 1059 an
280 1015 456 1060 consilio
485 1017 608 1060 ducis
638 1017 836 1061 subditus
856 1030 1000 1060 rumor
1019 1018 1243 1081 advenisse
1262 1018 1518 1071 Mucianum,
1549 1018 1759 1061 exercitus
1780 1018 1825 1060 in
1844 1017 1981 1061 vicem

2020 707 2040 737 5

204 1095 430 1140 salutasse.
490 1097 667 1151 gradum
698 1096 888 1141 inferunt
917 1098 1039 1151 quasi
1069 1097 1308 1142 recentibus
1338 1098 1507 1141 auxiliis
1538 1099 1664 1151 aucti,
1704 1098 1867 1140 rariore
1894 1098 1981 1141 iam
1997 1111 2039 1141 ιο

202 1176 526 1221 Vitellianorum
564 1177 669 1230 acie,
707 1182 756 1221 ut
796 1189 902 1231 quos
942 1177 1058 1221 nullo
1098 1181 1264 1222 rectore
1304 1191 1407 1222 suus
1448 1190 1655 1232 quemque
1692 1178 1876 1232 impetus
1914 1177 1981 1221 vel

202 1269 337 1312 pavor
374 1257 644 1301 contraheret
690 1258 977 1301 diduceretve.
1047 1262 1274 1312 postquam
1329 1258 1520 1312 inpulsos
1571 1258 1707 1301 sensit
1757 1258 1981 1311 Antonius,

203 1337 335 1381 denso
363 1338 530 1392 agmine
559 1337 828 1381 obturbabat.
870 1337 1009 1380 laxati
1038 1339 1210 1382 ordines
1240 1338 1552 1392 abrumpuntur
1580 1351 1658 1382 nec
1687 1338 1859 1381 restitui
1888 1338 1981 1392 qui-

202 1428 302 1460 vere
330 1416 646 1471 inpedientibus
675 1417 882 1461 vehiculis
911 1418 1226 1472 tormentisque.
1281 1431 1358 1472 per
1387 1418 1566 1461 limitem
1596 1419 1691 1461 viae
1719 1422 1983 1472 sparguntur

200 1494 476 1548 festinatione
519 1497 791 1540 consectandi
830 1498 1026 1541 victores.
1085 1510 1136 1541 eo
1163 1498 1393 1546 notabilior
1423 1499 1574 1541 caedes
1603 1497 1698 1551 fuit,
1738 1498 1838 1552 quia
1866 1496 1980 1540 filius
1995 1510 2037 1540 15

201 1581 368 1633 patrem
383 1576 609 1621 interfecit.
640 1590 728 1621 rem
746 1578 999 1632 nominaque
1013 1583 1186 1622 auctore
1204 1578 1413 1633 Vipstano
1429 1579 1632 1622 Messalla
1646 1579 1826 1621 tradam.
1846 1577 1981 1621 Iulius

202 1657 451 1702 Mansuetus
474 1670 525 1701 ex
539 1657 750 1712 Hispania
763 1659 925 1712 Rapaci
946 1659 1102 1712 legioni
1126 1659 1301 1702 additus
1325 1659 1525 1713 inpubem
1545 1657 1678 1701 filium
1703 1659 1818 1701 domi
1847 1658 1979 1712 lique-

200 1741 283 1781 rat.
314 1737 354 1781 is
382 1749 479 1780 mox
510 1738 685 1781 adultus
713 1739 826 1781 inter
855 1739 1115 1792 septimanos
1143 1752 1171 1782 a
1189 1738 1327 1782 Galba
1356 1739 1620 1793 conscriptus
1648 1738 1839 1782 oblatum
1868 1738 1980 1782 forte

200 1820 367 1871 patrem
387 1821 431 1860 et
452 1818 620 1862 volnere
639 1822 823 1862 stratum
844 1819 943 1862 dum
965 1820 1253 1863 semianimem
1273 1823 1504 1873 scrutatur,
1534 1820 1706 1873 agnitus
1725 1831 1978 1874 agnoscens-

201 1909 284 1951 que
312 1901 357 1941 et
385 1910 616 1952 exanguem
647 1898 864 1953 amplexus
885 1911 986 1943 voce
1005 1898 1135 1943 flebili
1153 1900 1410 1954 precabatur
1430 1900 1622 1954 placatos
1650 1899 1789 1954 patris
1818 1912 1978 1953 manes,
1993 1912 2036 1942 20

341 2061 357 2108 1
383 2059 504 2090 fi-ustru
527 2059 647 2090 Inisset
666 2058 673 2103 Ι
693 2060 804 2091 uerbis
873 2063 892 2092 2
917 2062 1069 2092 tollerent
1161 2062 1180 2092 5
1205 2062 1365 2093 infensius
1388 2062 1420 2092 J.
1446 2062 1503 2091 Fr.
1530 2061 1722 2092 Gronoviaoe.
1805 2063 1824 2092 6
1849 2061 1917 2092 alia
1939 2070 1978 2091 a

200 2103 266 2135 alie
289 2113 372 2135 oon.
401 2107 462 2136 lm.
554 2106 719 2145 excipient
741 2116 779 2136 ez
802 2107 968 2146 excipiant
989 2117 1072 2139 corr.
1103 2111 1164 2139 lm.
1259 2109 1278 2138 7
1302 2107 1488 2147 Ignominia
1508 2105 1514 2149 Ι
1535 2107 1604 2144 (nia
1627 2106 1706 2137 add.
1731 2108 1809 2146 2m.)
1901 2116 1977 2137 con-

200 2150 388 2183 summatis
413 2150 611 2182 Comeli-nen
701 2153 830 2193 Undeq3
934 2155 953 2185 9
978 2155 1133 2184 mucianii
1156 2163 1238 2184 corr.
1263 2163 1301 2184 ea:
1324 2154 1465 2191 muciam
1500 2155 1559 2184 lm.
1654 2152 1816 2184 exercitus
1855 2153 1978 2190 (notam

200 2195 260 2226 del.
290 2195 368 2238 lm.)
462 2199 504 2228 10
529 2197 627 2228 Ιιιίοἶ
711 2201 750 2228 11
778 2207 899 2239 quenq3
994 2201 1034 2230 12
1059 2199 1270 2230 diduceretve
1294 2199 1446 2239 Iaspsim:
1479 2199 1655 2229 duceretue
1746 2198 1895 2236 inpulsos
1919 2198 1976 2229 Bt:-

195 2242 346 2282 ponte-i.-
378 2243 492 2282 pulsos
528 2241 713 2286 (perculsos
748 2243 934 2283 Acidalaoe)
1028 2247 1069 2277 13
1094 2245 1251 2276 obturbat
1274 2245 1348 2276 deu.
1440 2245 1541 2275 laxati
1575 2244 1634 2275 sed
1663 2247 1677 2274 t
1710 2243 1744 2273 in
1765 2254 1887 2275 rasura
1912 2246 1974 2274 lm.

198 2288 309 2330 (m
332 2289 367 2319 in
388 2299 490 2327 mar-9.
518 2290 543 2320 ti
569 2291 644 2328 lm.)
716 2291 757 2320 15
781 2290 878 2321 cedes
950 2292 990 2321 16
1015 2290 1177 2330 Vipstano
1203 2290 1260 2321 C'h.
1284 2291 1347 2322 Ad.
1373 2290 1548 2329 nuperum.-
1580 2291 1718 2329 uipsano
1791 2293 1829 2322 17
1856 2290 1976 2329 legioni

201 2343 284 2364 corr.
309 2343 349 2365 n:
371 2335 500 2374 legione
527 2338 576 2366 lm
650 2337 691 2366 18
715 2344 791 2366 mox
814 2345 897 2367 corr.
921 2345 961 2366 ea:
983 2346 1054 2367 mos
1074 2339 1134 2367 lm.
1206 2338 1250 2367 20
1274 2337 1374 2368 flebili
1396 2346 1436 2367 σο,-
1459 2336 1560 2367 fleuili
1583 2346 1668 2366 corr.
1684 2338 1747 2367 lm.
1805 2335 1977 2378 'pcabatur

201 2381 242 2411 21
270 2380 380 2420 platos
398 2385 475 2421 post
496 2381 551 2421 pla
574 2390 729 2421 super-scr.
755 2390 794 2412 ca
817 2383 837 2413 2
861 2381 911 2412 vel
932 2383 994 2413 3m.
1019 2384 1076 2421 (ne
1100 2382 1207 2422 piatos
1230 2380 1263 2425 b)

198 2544 409 2577 auctoresque
446 2536 533 2582 belli]
572 2540 603 2577 2,
641 2540 693 2571 85.
727 2556 764 2562 —
803 2536 954 2581 Parthos]
994 2542 1070 2569 ante
1105 2539 1192 2570 diam
1209 2539 1770 2580 conmpsenmt,amp1iuuperare
1785 2550 1850 2572 non
1858 2550 1974 2582 11⁰⁸”3

199 2597 275 2629 CIV
298 2605 411 2627 annos.
443 2595 485 2625 ef.
521 2596 586 2626 Dio
610 2598 665 2634 49,
702 2598 743 2628 19
779 2597 821 2627 ad
854 2606 882 2627 a.
922 2606 953 2626 u.
993 2597 1068 2628 718.
1105 2595 1243 2637 Ruperti
1266 2597 1367 2628 Silius
1393 2600 1447 2635 11,
1472 2598 1535 2628 34.-
1569 2595 1835 2637 Consumptusque
1864 2597 1975 2637 pudor

199 2654 304 2694 gloria
316 2657 425 2684 autem
442 2653 581 2691 legionis
596 2653 728 2692 propria
749 2652 911 2684 manebat.
932 2653 1067 2684 Durus.
1098 2654 1276 2692 peccando.
1301 2672 1343 2676 —
1367 2654 1510 2694 tertiani]
1536 2654 1593 2692 qui
1617 2654 1650 2684 in
1676 2653 1771 2694 Syria
1795 2664 1869 2686 cum
1894 2655 1973 2686 Cor·

200 2729 242 2735 —
266 2710 323 2742 aab
347 2707 536 2752 Corbulone]
563 2711 648 2740 Anu.
675 2711 729 2747 15,
755 2711 808 2744 26.
843 2710 929 2741 nist.
956 2713 989 2749 2,
1014 2712 1065 2742 74.
1103 2709 1224 2741 bulone
1248 2710 1482 2741 militaverant.
1519 2710 1605 2742 idem
1630 2720 1701 2741 mos
1725 2711 1866 2750 Parthis,
1890 2715 1973 2744 teste

198 2787 243 2792 —
268 2765 452 2810 Sarmatas]
478 2776 578 2807 supra
606 2771 635 2804 1,
671 2768 725 2798 79.
748 2785 791 2790 -
816 2777 888 2798 mox
910 2766 1067 2807 insensu]
1102 2767 1293 2798 Herodiano
1325 2769 1356 2805 4,
1383 2768 1449 2805 30„
1485 2768 1540 2807 qui
1572 2777 1715 2807 pugnam
1752 2768 1866 2799 inituri
1900 2773 1972 2801 orto

197 2826 291 2857 molli
314 2834 464 2857 sermone
488 2824 645 2855 tertianus
676 2825 836 2855 allocutus
859 2828 940 2861 erat,
964 2824 1068 2855 insen·
1102 2824 1167 2854 iam
1184 2824 1271 2854 sole:
1296 2820 1531 2864 ἀσπασάμενοι
1553 2821 1592 2857 δὲ
1615 2822 1673 2857 τὸν
1694 2819 1802 2867 ἥλιον,
1827 2821 1876 2863 ὥς
1896 2823 1973 2864 ἔῇος

198 2891 271 2914 sum
295 2892 332 2914 se
354 2882 571 2922 praetorianis
588 2881 799 2921 praestabat:
826 2882 944 2912 salsum
969 2881 1068 2920 igitur
1103 2876 1230 2919 αὐτοῖς,
1255 2878 1285 2913 οἱ
1297 2877 1477 2923 βάρβαροι,
1504 2878 1650 2923 μεγίστῃ
1674 2889 1712 2913 τε
1737 2881 1870 2925 κλαγγῇ
1890 2879 1970 2926 βοή-

198 2943 248 2971 est
272 2939 431 2971 Gronovii
454 2939 621 2980 insanius.
647 2956 689 2962 —-
708 2935 848 2981 paqani]
875 2948 978 2977 >quos
1003 2948 1068 2968 non
1104 2946 1235 2977 σαντες,
1261 2934 1446 2979 ἐπέδραμον
1469 2939 1540 2974 τοῖς
1561 2931 1756 2979 Ῥωμαίοις.

198 2996 516 3027 iamoommilitones
529 2996 689 3034 existimo,
707 2996 764 3026 sed
780 2996 863 3026 viles
888 3004 1064 3035 paganos«
1149 2995 1204 3025 25.
1239 2994 1371 3033 impetus
1415 2994 1464 3023 vel
1493 3003 1600 3033 pavor
1643 2994 1840 3025 contraheret
1877 2994 1971 3027 aide-

198 3052 357 3083 Acerbior
382 3053 479 3083 etiam
504 3053 685 3092 increpatio
710 3063 810 3092 quam
835 3053 915 3083 illud
928 3053 1067 3090 Quirites
1084 3079 1086 3100 Ι
1103 3048 1233 3094 cerave]
1260 3050 1299 3080 cf.
1324 3053 1356 3090 2,
1380 3052 1421 3082 41
1450 3055 1482 3081 ut
1505 3051 1617 3089 cuique
1647 3051 1791 3082 audacia
1822 3052 1873 3083 vel
1894 3053 1971 3091 for·

198 3108 275 3139 Iulii
293 3109 445 3141 caesnia
467 3110 555 3140 Anu.
582 3112 613 3147 1,
639 3111 692 3141 42.
718 3128 762 3133 —
787 3107 869 3153 illae]
895 3110 984 3148 apud
1010 3109 1065 3139 bo-
1084 3101 1086 3141 Ῐ
1103 3107 1188 3137 mido
1212 3108 1246 3138 in
1264 3108 1405 3147 primam
1424 3112 1658 3146 postremamve
1691 3109 1792 3140 aciem
1820 3118 1971 3149 prorum-

198 3169 299 3202 atem,
332 3174 429 3204 quem
460 3170 629 3198 monstrat.
678 3167 816 3198 sznn.
852 3185 892 3190 —
927 3176 1067 3198 consum·
1084 3143 1086 3200 Ξ
1098 3164 1217 3204 ικόαπι
1251 3168 1309 3195 aut
1341 3163 1577 3195 relabebantur.
1615 3183 1657 3188 -
1683 3163 1853 3209 Messalla]
1889 3171 1970 3198 teste

192 3218 319 3264 psidie]
338 3222 573 3263 »exhausisti33
598 3224 687 3254 nulla
702 3224 766 3255 iam
791 3224 887 3255 vobis
908 3227 1067 3263 superest,
1084 3213 1086 3216 ’
1103 3222 1256 3262 οεηῙιῑος
1287 3222 1474 3261 praefuerat
1498 3221 1584 3253 enim
1617 3222 1739 3261 legioni
1764 3222 1836 3254 vu.
1872 3223 1969 3254 Clau-

199 3279 255 3317 qni
281 3278 445 3310 occidistis
463 3278 616 3319 Galbam,
639 3281 726 3311 vinci
750 3281 876 3311 sivistis
891 3280 1068 3318 Othonem,
1084 3272 1087 3297 ¹⁵
1103 3278 1230 3309 dianae.
1263 3288 1289 3308 c.
1315 3279 1345 3309 9.
1371 3295 1415 3301 -
1448 3278 1603 3319 aupubm]
1629 3280 1669 3309 cf.
1694 3280 1729 3318 4,
1756 3281 1796 3311 14
1828 3280 1969 3320 {inpube-⁹,

199 3336 401 3367 exauctorati
425 3336 503 3367 estis
527 3346 548 3367 ι
571 3337 739 3368 Vitellios
764 3338 815 3367 ID.
842 3336 974 3377 Lipsius
992 3345 1067 3367 con·
1084 3354 1088 3387 3
1104 3334 1162 3366 sed
1170 3336 1288 3375 soma
1303 3335 1468 3375 conspicui
1478 3353 1521 3358 —
1534 3334 1581 3366 ad
1595 3340 1736 3375 scapnam
1751 3336 1966 3368 trahebantur.

201 3393 265 3424 fert
290 3391 422 3424 Curtius
446 3393 479 3432 6,
503 3394 535 3431 8,
561 3395 602 3425 6:
628 3394 695 3424 Scit
718 3403 780 3432 eos,
815 3394 872 3432 qui
893 3394 1068 3424 maer-icor-
1084 3389 1087 3416 ῑ
1104 3411 1147 3415 -
1177 3391 1374 3432 precabatur
1398 3391 1550 3431 placato·
1578 3393 1686 3432 patris
1721 3393 1839 3433 manes}
1873 3394 1904 3423 h.
1940 3403 1967 3424 e.

1675 3448 1764 3488 27*
