2176 3672
680 304 853 349 LIBER
880 305 936 349 Π.
996 305 1096 360 Cap.
1126 307 1194 350 40.
1225 307 1292 351 41.
1322 307 1390 350 42.
1828 306 1911 350 343

152 423 276 464 sunt:
312 432 363 464 ea
391 421 552 464 strictis
581 421 849 464 mucronibus
878 421 1018 464 redire
1055 420 1200 474 pulsos
1231 426 1275 464 et
1302 434 1487 475 pugnam
1518 433 1732 464 resumere
1762 422 1909 476 coegit.

150 499 360 554 disposita
388 500 711 544 Vitellianarum
740 501 950 554 legionum
981 501 1093 544 acies
1123 502 1214 544 sine
1242 502 1549 556 trepidatione:
1581 501 1749 555 etenim,
1779 514 1912 556 quan-

149 592 276 634 quam
294 580 432 624 ricino
451 580 587 634 hoste,
618 585 815 635 aspectus
835 593 1045 623 armorum
1066 581 1207 624 densis
1229 581 1412 624 arbustis
1433 580 1748 635 prohibebatur.
1792 582 1908 635 apud

149 658 411 703 Othonianos
454 661 601 714 pavidi
640 661 790 713 duces,
834 660 955 703 miles
995 660 1173 703 ducibus
1211 660 1399 704 infensus
1413 695 1423 714 ,
1466 662 1600 704 mixta
1638 661 1831 704 vehicula
1870 664 1913 704 et

147 738 280 794 lixae,
321 743 365 783 et
391 740 635 794 praeruptis
664 740 878 793 utrimque
906 739 1032 782 fossis
1061 741 1131 782 via
1160 741 1304 795 quieto
1333 753 1499 795 quoque
1528 741 1685 795 agmini
1713 744 1944 795 angustas

147 819 459 863 circumsistere
487 820 561 863 alii
589 820 712 874 signa
740 832 831 873 sua,
862 833 1066 874 quaerere
1096 820 1192 873 alii;
1223 821 1410 863 incertus
1439 821 1624 874 undique
1645 820 1804 863 clamor
1833 822 1909 863 ad-

148 899 427 952 currentium,
457 900 720 942 vocantium:
760 903 810 942 ut
839 900 989 954 cuique
1019 901 1197 943 audacia
1226 900 1292 943 vel
1321 900 1501 943 formido
1514 935 1524 953 ,
1553 901 1596 942 in
1625 901 1805 954 primam
1835 914 1910 955 po-

145 980 400 1022 stremamve
428 979 561 1022 aciem
589 980 923 1033 prorumpebant
952 983 1028 1022 aut
1048 979 1358 1022 relabebantur.
1419 979 1511 1034 (42)
1542 981 1745 1023 attonitas
1768 980 1910 1023 subito

146 1059 308 1101 terrore
335 1062 498 1102 mentes
527 1058 680 1102 falsum
709 1060 911 1114 gaudium
942 1060 985 1102 in
1014 1059 1260 1112 languorem
1290 1060 1418 1102 vertit
1447 1060 1641 1113 repertis,
1672 1061 1744 1114 qui
1774 1061 1908 1103 desci-

145 1137 258 1181 visse
298 1150 326 1180 a
363 1138 537 1182 Vitellio
578 1140 809 1182 exercitum
851 1140 1164 1182 ementirentur.
1214 1140 1250 1181 is
1292 1152 1436 1182 rumor
1480 1140 1532 1182 ab
1573 1139 1909 1194 exploratoribus
1925 1151 1967 1180 10

145 1215 310 1260 Vitellii
339 1219 570 1272 dispersus,
601 1232 655 1261 an
685 1220 727 1262 in
757 1220 852 1273 ipsa
873 1219 1054 1262 Othonis
1083 1222 1207 1273 parte
1235 1231 1311 1262 seu
1341 1219 1438 1262 dolo
1468 1232 1544 1262 seu
1572 1218 1684 1262 forte
1713 1232 1908 1262 surrexe-

145 1297 216 1350 rit,
244 1309 395 1352 parum
416 1302 685 1352 compertum.
727 1300 882 1342 omisso
902 1311 1070 1353 pugnae
1091 1300 1244 1341 ardore
1265 1298 1494 1341 Othoniani
1513 1299 1626 1342 ultro
1647 1299 1908 1352 salutavere3

145 1379 192 1420 et
218 1377 365 1421 hostili
394 1391 608 1421 murmure
637 1379 813 1432 excepti,
842 1378 1056 1433 plerisque
1085 1392 1258 1422 suorum
1287 1379 1468 1432 ignaris,
1498 1392 1608 1433 quae
1638 1392 1766 1422 causa
1795 1380 1908 1422 salu-

143 1457 284 1510 tandi,
324 1461 482 1500 metum
511 1459 765 1512 proditionis
794 1457 945 1502 fecere.
989 1462 1080 1501 tum
1109 1459 1300 1501 incubuit
1338 1458 1526 1501 hostium
1556 1459 1667 1501 acies
1680 1493 1690 1511 ,
1731 1460 1908 1513 integris

142 1536 373 1591 ordinibus,
402 1537 556 1581 robore
586 1541 630 1581 et
658 1551 832 1582 numero
861 1539 1166 1591 praestantior:
1198 1538 1427 1581 Othoniani
1455 1551 1695 1593 quanquam
1725 1539 1908 1592 dispersi
1924 1550 1964 1580 15

143 1617 364 1670 pauciores
393 1616 507 1671 fessi,
537 1618 744 1672 proelium
774 1622 914 1661 tamen
937 1619 1094 1661 acriter
1113 1631 1343 1672 sumpsere.
1387 1622 1431 1661 et
1450 1631 1528 1672 per
1546 1619 1662 1661 locos
1683 1617 1906 1661 arboribus

141 1709 193 1740 ac
219 1697 354 1740 vineis
382 1698 595 1752 inpeditos
625 1711 709 1741 non
739 1711 824 1741 una
850 1711 1019 1752 pugnae
1047 1697 1196 1741 facies:
1237 1698 1468 1741 comminus
1498 1699 1682 1751 eminuS,
1725 1699 1907 1741 catervis

142 1780 188 1819 et
206 1777 351 1820 cuneis
371 1777 686 1821 concurrebant.
730 1779 773 1821 in
804 1790 958 1832 aggere
981 1778 1075 1821 viae
1106 1778 1272 1821 conlato
1301 1779 1438 1833 gradu
1468 1778 1714 1832 corporibus
1744 1781 1788 1821 et
1816 1791 1907 1820 um-

141 1855 320 1900 bonibus
349 1858 442 1911 niti,
472 1858 628 1901 omisso
655 1858 838 1912 pilorum
867 1859 984 1901 iactu
1012 1858 1168 1912 gladiis
1199 1862 1242 1901 et
1270 1858 1488 1901 securibus
1508 1858 1651 1911 galeas
1670 1858 1907 1912 loricasque

140 1947 432 1991 perrumpere:
475 1941 696 1980 noscentes
737 1938 849 1980 inter
884 1951 950 1992 se,
993 1938 1146 1981 ceteris
1182 1938 1417 1992 conspicui,
1458 1938 1500 1980 in
1538 1941 1732 1981 eventum
1774 1939 1905 1981 totius
1919 1951 1962 1980 20

234 2099 251 2128 1
278 2107 317 2128 ea
340 2097 460 2129 strictis
484 2097 672 2129 Rhenanus:
696 2101 728 2129 et
751 2098 892 2128 astrictis
916 2098 999 2139 (Hec
1023 2097 1163 2128 astrictis
1187 2096 1242 2139 52)
1335 2099 1353 2128 2
1389 2098 1476 2128 acies
1499 2097 1648 2136 Lipsius:
1671 2102 1740 2129 arte
1765 2098 1847 2137 (acie
1871 2098 1905 2128 in

140 2152 243 2182 mas-9.
268 2143 324 2183 b2)
415 2146 437 2175 4
460 2143 612 2175 behicula
636 2145 733 2187 (corr.
760 2142 823 2186 lm)
918 2145 937 2174 5
962 2144 1212 2183 agminangusta
1236 2144 1262 2183 (i
1278 2149 1355 2182 post
1378 2144 1411 2174 in
1437 2153 1593 2182 superscr.
1624 2146 1687 2181 lm)
1780 2147 1799 2175 6
1825 2153 1902 2182 que-

145 2197 218 2219 rere
311 2190 330 2219 7
362 2190 551 2220 vocantium
587 2191 634 2221 Io.
660 2191 715 2220 Fr.
741 2190 941 2220 Gronovius:
974 2191 1152 2220 clamantil'i
1183 2190 1218 2219 in
1240 2190 1332 2219 initio
1363 2199 1472 2219 versus
1482 2200 1496 2228 ;
1531 2189 1572 2219 ab
1596 2189 1684 2226 alia,
1720 2189 1777 2219 sed
1804 2194 1904 2220 vetere

143 2243 243 2264 manu
266 2235 300 2264 in
322 2245 423 2274 mary.
448 2245 491 2266 uo
507 2237 745 2275 praescriptum
769 2240 798 2265 et
820 2236 852 2266 la
874 2235 984 2265 leviter
1005 2235 1165 2265 inductum
1196 2239 1261 2265 est:
1294 2239 1499 2265 correctorem
1532 2235 1615 2264 nihil
1646 2235 1739 2265 aliud
1769 2235 1906 2265 voluisse

140 2279 208 2310 nisi
228 2281 413 2311 uocantium
437 2281 532 2311 docui
552 2283 587 2312 in
609 2282 810 2312 Fleckeiseni
839 2281 948 2311 annal.
974 2291 1006 2311 α.
1034 2282 1121 2312 1882
1139 2291 1175 2319 p.
1197 2282 1261 2311 138
1295 2282 1487 2322 (uolantium
1510 2281 1579 2318 ab,
1617 2282 1827 2311 uocitantium
1850 2281 1904 2310 Pc-

138 2326 251 2367 cloena)
344 2328 365 2358 8
389 2327 623 2358 relabebantur
656 2327 811 2357 Victorius
829 2337 839 2356 .·
862 2327 1091 2357 relabebantur
1184 2327 1263 2365 9J10
1298 2327 1396 2365 quide
1419 2327 1500 2357 ciuis
1524 2336 1558 2356 se
1591 2325 1688 2367 (corr.
1715 2329 1766 2357 lm
1789 2327 1904 2356 addita

139 2370 199 2402 litt.
223 2382 239 2402 s
257 2376 334 2411 post
356 2371 388 2414 ὃ)
462 2375 502 2404 12
528 2374 646 2404 omisse
719 2374 759 2403 13
784 2376 834 2403 set
858 2372 958 2402 Bauer
1029 2375 1070 2403 14
1096 2372 1242 2415 Incubui}
1269 2374 1297 2412 (t
1320 2382 1415 2411 super
1436 2372 1492 2402 lin.
1517 2371 1594 2402 add.
1622 2374 1687 2411 2m)
1761 2375 1800 2403 15
1826 2382 1898 2412 pre-

140 2417 280 2448 stantior
373 2420 414 2450 16
438 2419 597 2458 praelium
690 2419 731 2450 19
756 2418 882 2459 cladib3
906 2417 938 2459 (c
961 2418 994 2448 in
1017 2428 1039 2458 g
1062 2422 1135 2448 mut.
1162 2417 1226 2459 lm)

141 2577 312 2617 Iosephus,
337 2578 393 2617 qui
415 2578 453 2608 B.
479 2578 506 2610 1.
531 2579 570 2617 4,
597 2579 638 2618 9,
664 2580 704 2609 9:
730 2577 800 2611 Καὶ
823 2575 1004 2620 γενομένης
1031 2576 1146 2616 pedem
1169 2576 1262 2606 simul
1283 2575 1372 2606 unda
1394 2576 1546 2606 relabens.
1595 2578 1681 2607 Anu.
1706 2578 1738 2615 2,
1766 2578 1828 2608 24:
1852 2586 1903 2606 re-

141 2632 316 2678 συμβολῆς
339 2631 426 2667 κατὰ
442 2632 635 2676 Βηδριακὸν
651 2635 717 2676 τῆς
732 2633 904 2671 Γαλατίας
918 2631 1003 2675 πρός
1036 2632 1157 2663 labente
1180 2637 1280 2663 aestu.

139 2699 178 2722 τε
201 2685 377 2723 Οὐάλεντα
409 2689 467 2724 καὶ
495 2689 674 2724 Καικίνναν
705 2688 784 2728 τοὺς
807 2687 1003 2723 Οὐιτελλίου
1082 2693 1136 2721 42.
1185 2700 1238 2721 seu
1262 2689 1348 2733 dolo]
1373 2691 1424 2721 Ita
1448 2689 1535 2722 Suet.
1554 2689 1631 2721 Oth.
1651 2692 1682 2721 9.
1709 2707 1753 2712 -
1777 2689 1900 2720 arbori-

142 2742 354 2789 στρατηγοὺς
391 2745 436 2791 τῇ
475 2744 593 2791 πρώτῃ
633 2747 691 2790 μὲν
730 2744 847 2791 ἡμέρᾳ
885 2746 1003 2788 περιῆν
1037 2746 1094 2777 bus
1116 2757 1157 2777 ac
1179 2745 1291 2789 vineis]
1326 2747 1366 2778 cf.
1391 2757 1417 2778 c.
1438 2749 1491 2778 25.
1518 2764 1562 2769 —
1597 2745 1680 2789 viae]
1703 2747 1900 2785 Postumiae,

132 2796 270 2842 ''offic-m
304 2803 349 2847 τῇ
373 2802 515 2847 δευτέρᾳ
547 2801 586 2837 δὲ
614 2802 652 2838 τὸ
678 2800 872 2838 Οὐιτελλίου
906 2814 1003 2844 στρα-
1037 2808 1072 2834 ut
1111 2814 1139 2835 c.
1165 2805 1219 2835 24.
1278 2805 1440 2843 Compara
1478 2803 1643 2834 Plutarchi
1680 2803 1902 2833 narrationem

140 2858 330 2894 mttxdv.“
363 2861 474 2892 chx.
500 2879 543 2884 —
583 2860 735 2904 arbustis]
772 2861 917 2892 Arbusta
952 2862 1005 2891 hic
1037 2861 1133 2891 huius
1163 2870 1291 2900 pugnae
1325 2870 1352 2891 c.
1372 2863 1411 2891 11
1439 2869 1528 2898 seqq.
1555 2877 1596 2883 —
1629 2863 1791 2890 noscentes
1821 2860 1902 2889 inter

143 2925 283 2956 quoque,
306 2921 343 2948 ut
365 2927 481 2958 saepe,
506 2922 581 2949 sunt
603 2918 738 2950 arbores
760 2918 882 2949 vitibus
906 2918 1003 2948 vcsti-
1038 2918 1082 2959 se]
1105 2917 1169 2948 Dio
1194 2918 1257 2956 65,
1285 2919 1348 2948 12:
1386 2915 1603 2958 γνωρίζοντες
1626 2911 1800 2957 ἀλλήλους.
1849 2916 1903 2946 Sic

142 2974 205 3012 tae,
229 2982 365 3012 quarum
387 2975 537 3006 traduces
561 2976 675 3006 conexi
698 2979 906 3015 prospectum
930 2984 1004 3014 pro·
1039 2976 1104 3007 Cic.
1129 2975 1170 3005 ad
1193 2975 1260 3005 Att.
1278 2976 1308 3012 6,
1328 2976 1365 3005 1:
1390 2973 1553 3004 Cicerones
1570 2972 1669 3012 pueri
1690 2976 1801 3002 amant
1819 2971 1903 3002 inter

143 3027 266 3060 hibent.
289 3031 330 3061 ef.
355 3040 384 3062 c.
402 3032 456 3064 25.
480 3033 513 3072 3,
531 3034 586 3064 21.
611 3050 653 3055 -—-
678 3033 798 3063 elamor
821 3050 864 3054 —
888 3041 1004 3061 vocan-
1039 3042 1082 3062 se.
1106 3049 1152 3055 ——
1175 3028 1355 3073 conspicui]
1382 3034 1493 3070 utpote
1517 3031 1550 3060 in
1568 3039 1686 3069 aggere
1705 3030 1788 3059 viae.
1836 3029 1902 3059 De-

143 3083 232 3128 tium]
256 3086 296 3117 cf.
322 3087 353 3126 3,
379 3089 421 3120 68
445 3090 565 3120 clamor
588 3089 799 3120 obsistentium
825 3107 867 3111 —
891 3089 925 3119 in
940 3088 1004 3118 Pa·-
1039 3088 1191 3119 scribitur
1223 3088 1276 3118 hic
1298 3088 1382 3118 ratio
1415 3087 1450 3117 in
1474 3096 1593 3126 aggere
1617 3086 1831 3126 pugnantium
1855 3085 1902 3115 di-

142 3141 254 3172 lati-zm
275 3145 463 3176 vocantium.
509 3146 640 3178 Curtius
663 3149 695 3186 8,
721 3148 752 3185 8,
778 3148 820 3178 26
834 3145 1005 3185 fistz'natio
1039 3155 1137 3176 versa
1160 3144 1201 3175 ab
1226 3153 1355 3181 eorum,
1391 3144 1446 3182 qni
1470 3154 1529 3183 per
1553 3145 1644 3174 locos
1667 3142 1840 3172 arboribus
1863 3150 1902 3171 ac

144 3197 387 3230 &sumentium
431 3211 564 3241 suosque
601 3203 649 3234 ad
683 3213 778 3234 arma
816 3203 1003 3233 vocantium.
1039 3202 1145 3239 vineis
1169 3201 1350 3240 impeditos.
1388 3201 1536 3230 WAmn.
1561 3217 1606 3223 -—
1640 3198 1675 3229 in
1697 3202 1834 3228 evomam
1858 3202 1902 3227 to-

144 3254 219 3285 Liv.
243 3256 285 3286 41
300 3279 309 3295 ,
333 3258 373 3296 2,
399 3259 418 3288 7
451 3269 517 3289 maa
545 3270 608 3291 vox
638 3260 828 3290 audiebatur
851 3259 898 3289 ad
915 3268 1005 3289 mare
1038 3259 1100 3289 tium
1123 3257 1197 3288 belli
1218 3255 1394 3299 certabant]
1421 3257 1608 3294 fortissime,
1633 3255 1725 3294 quasi
1750 3265 1789 3285 ex
1812 3254 1900 3293 ipso-

143 3312 332 3343 vocantem.
359 3331 400 3337 -
433 3315 668 3360 relabebantur]
693 3318 885 3357 metaphora
908 3317 1004 3347 ducta
1039 3325 1110 3345 rum
1145 3314 1265 3344 virtute
1304 3314 1403 3344 totius
1442 3312 1523 3344 belli
1560 3315 1698 3343 eventus
1737 3312 1900 3350 penderet.

144 3368 187 3400 ab
210 3369 317 3400 undis.
362 3370 462 3412 Verg.
485 3373 566 3404 Aen.
593 3375 655 3413 10,
681 3376 765 3407 307:
802 3373 1003 3411 Bar-abitque
1039 3373 1207 3402 Romanu.

1546 3425 1631 3465 23*
