2176 3672
743 265 914 315 HBER
942 271 1021 315 111.
1083 271 1184 326 cap.
1217 271 1254 314 7.
1285 273 1326 315 8.
1356 272 1394 314 9.
1864 271 1948 313 397

179 401 329 444 porum
357 385 586 431 subversas
615 386 658 429 in
688 386 882 430 omnibus
912 386 1151 440 municipiis
1180 386 1308 430 recoli
1338 387 1466 430 iussit
1496 385 1720 439 Antonius,
1750 385 1948 430 decorum

177 481 256 524 pro
283 479 414 512 causa
441 470 574 520 ratus,
618 467 656 510 si
698 466 866 521 placere
906 466 1068 510 Galbae
1107 467 1374 521 principatus
1414 470 1459 510 et
1502 469 1650 521 partes
1693 466 1949 510 revirescere

179 548 463 593 crederentur.
521 546 587 602 (8)
627 548 866 602 quaesitum
897 547 1008 599 inde,
1049 559 1158 600 quae
1200 547 1324 590 sedes
1364 546 1476 590 bello
1504 546 1730 601 legeretur.
1779 546 1949 590 Verona

178 630 320 685 potior
347 629 452 682 visa,
481 628 728 683 patentibus
759 629 914 672 circum
945 629 1108 683 campis
1139 629 1195 671 ad
1216 640 1401 683 pugnam
1432 630 1685 682 equestrem,
1715 639 1800 681 qua
1824 638 1947 680 prae-

179 709 398 754 valebant:
431 709 555 752 simul
587 710 792 752 coloniam
824 709 956 764 copiis
986 709 1172 752 validam
1193 708 1361 752 auferre
1381 707 1554 751 Vitellio
1583 708 1627 750 in
1657 719 1746 750 rem
1770 706 1947 750 famam·

177 802 260 845 que
274 789 508 834 videbatur.
539 802 737 843 possessa
757 790 851 844 ipso
872 790 1059 833 transitu
1073 789 1264 842 Vicetia3
1286 789 1398 843 quod
1418 801 1495 842 per
1515 801 1562 832 se
1576 799 1755 842 parvum
1772 786 1947 843 (etenim

177 869 370 914 modicae
398 869 627 924 municipio
656 870 788 925 vires)
818 870 962 924 magni
1005 869 1207 913 momenti
1243 869 1382 912 locum
1423 868 1609 912 obtinuit
1648 867 1947 922 reputantibus

177 949 267 994 illic
297 949 521 994 Caecinam
550 951 740 1005 genitum
783 955 826 993 et
856 950 1042 1005 patriam
1073 950 1258 993 hostium
1288 950 1386 992 duci
1416 952 1618 1003 ereptam.
1659 949 1703 991 in
1733 948 1947 991 Veronen-

177 1030 297 1075 sibus
315 1030 500 1085 pretium
522 1030 627 1074 fuit:
659 1031 852 1085 exemplo
871 1031 1105 1085 opibusque
1133 1034 1280 1084 partes
1310 1029 1465 1073 iuvere.
1498 1032 1542 1073 et
1561 1029 1809 1073 interiectus
1829 1041 1947 1072 exer-

177 1110 288 1155 citus
318 1111 513 1155 Raetiam
542 1111 758 1166 Iuliasque
788 1111 932 1165 Alpes,
978 1109 1060 1168 [ac]
1101 1123 1154 1154 ne
1193 1110 1384 1164 pervium
1423 1109 1498 1152 illa
1527 1109 1793 1153 Germanicis
1829 1121 1948 1152 exer-
1965 1120 2003 1150 ιο

178 1191 333 1235 citibus
372 1190 496 1245 foret,
535 1191 793 1246 obsepserat.
837 1203 947 1245 quae
986 1191 1137 1246 ignara
1174 1190 1438 1244 Vespasiano
1480 1193 1556 1233 aut
1594 1190 1750 1232 vetita:
1791 1189 1948 1243 quippe

178 1271 399 1327 Aquileiae
428 1272 525 1315 sisti
554 1271 711 1315 bellum
742 1272 1040 1326 expectarique
1069 1271 1310 1314 Mucianum
1341 1270 1514 1314 iubebat
1544 1270 1840 1324 adiciebatque
1869 1270 1947 1312 im-

176 1352 296 1407 perio
326 1352 560 1406 consilium,
601 1353 770 1406 quando
800 1353 1033 1407 Aegyptus,
1065 1351 1254 1395 claustra
1280 1364 1482 1405 annonae,
1521 1351 1747 1406 vectigalia
1774 1351 1947 1406 opulen-

177 1432 440 1476 tissimarum
469 1433 782 1487 provinciarum
812 1432 1118 1485 obtinerentur,
1147 1444 1275 1486 posse
1303 1431 1466 1475 Vitellii
1496 1431 1726 1475 exercitum
1757 1435 1949 1487 egestate

175 1513 383 1567 stipendii
421 1511 707 1567 frumentique
747 1514 803 1556 ad
842 1513 1101 1556 deditionem
1140 1512 1292 1567 subigi.
1338 1513 1485 1556 eadem
1525 1512 1746 1556 Mucianus
1787 1512 1948 1556 crebris
1964 1522 2004 1551 15

176 1592 375 1648 epistulis
397 1593 608 1647 monebat,
639 1593 902 1638 incruentam
923 1598 967 1637 et
997 1594 1088 1637 sine
1107 1593 1226 1637 luctu
1245 1593 1467 1637 victoriam
1488 1597 1532 1636 et
1551 1593 1638 1636 alia
1658 1593 1949 1637 huiuscemodi

176 1676 475 1730 praetexendO,
506 1676 583 1718 sed
613 1674 775 1729 gloriae
804 1675 956 1718 avidus
997 1679 1126 1728 atque
1166 1686 1288 1717 omne
1327 1673 1428 1717 belli
1467 1674 1596 1717 decus
1636 1673 1718 1717 sibi
1747 1675 1948 1718 retinens.

177 1758 364 1799 ceterum
395 1768 446 1799 ex
477 1755 742 1799 d1stantibus
773 1760 983 1799 terrarum
1014 1755 1169 1810 spatiis
1200 1754 1376 1798 consilia
1406 1759 1505 1809 post
1533 1767 1603 1798 res
1633 1753 1948 1798 adferebantur.

177 1835 245 1890 (9)
274 1836 408 1890 igitur
436 1836 659 1890 repentino
690 1837 862 1879 incursu
892 1835 1103 1879 Antonius
1143 1836 1350 1878 stationes
1395 1835 1580 1879 hostium
1619 1835 1783 1889 inrupit
1813 1839 1949 1890 temp-

177 1915 365 1970 tatisque
407 1916 489 1959 levi
532 1916 692 1970 proelio
732 1917 885 1959 animis
926 1928 975 1959 ex
1014 1928 1148 1970 aequo
1189 1916 1435 1959 discessum.
1490 1927 1586 1957 mox
1618 1914 1799 1958 Caecina
1838 1916 1949 1959 inter
1962 1923 2004 1953 20

177 1995 419 2048 Hostiliam,
449 1996 586 2039 vicum
618 1997 935 2049 Veronensium,
966 2000 1009 2039 et
1037 1996 1218 2050 paludes
1249 1995 1422 2038 Tartari
1451 1994 1638 2059 fluminis
1677 2000 1822 2039 castra
1851 2008 1948 2049 per-

317 2172 332 2200 1
359 2169 533 2208 municipis
650 2170 788 2200 decorus
811 2169 842 2210 (s
866 2170 927 2201 del.
955 2170 1031 2211 lm.)

468 2227 486 2257 9
513 2226 701 2257 interiectus
726 2227 744 2257 b
756 2236 764 2256 :
843 2228 1033 2258 intertectus

1124 2171 1143 2200 6
1169 2179 1307 2208 parvum
1332 2169 1450 2199 Halm:
1481 2178 1595 2208 parum
1708 2167 1763 2211 819
1790 2179 1949 2208 uerouen-

173 2228 266 2259 sibus
289 2227 397 2268 pretini
1129 2218 1254 2266 losstia
1324 2226 1382 2267 [ae]
1397 2226 1535 2266 Lipsius,
1560 2235 1598 2256 ac
1612 2226 1768 2257 Noricum
1800 2226 1950 2258 Weissen-

175 2273 254 2305 born
324 2275 365 2306 12
390 2273 533 2313 aquileie
557 2273 630 2312 (ced
651 2282 735 2303 corr.
762 2271 826 2313 lm)
897 2274 938 2303 14
965 2277 1109 2312 egestate
1181 2275 1220 2303 15
1246 2273 1327 2303 eade
1360 2273 1432 2313 (sed
1453 2281 1536 2302 corr.
1566 2270 1628 2311 lm)
1700 2274 1741 2303 16
1767 2273 1850 2311 eplis
1881 2283 1949 2303 cum

173 2319 230 2352 lin.
256 2319 290 2350 ὑι
313 2320 324 2350 l
420 2321 461 2351 18
487 2319 624 2350 consilia
646 2311 740 2359 ptres
834 2320 872 2349 21
901 2319 1009 2350 hostii
1078 2317 1202 2362 [vicum
1220 2318 1467 2358 Veronensium]
1492 2317 1668 2348 Helmreich
1763 2321 1804 2349 21
1830 2320 1949 2349 cartari

222 2481 255 2511 8.
290 2478 420 2519 Vicetia]
457 2479 538 2510 haee
569 2484 657 2511 recta
691 2483 739 2510 est
773 2479 947 2519 scriptura,
980 2488 1046 2509 non
1080 2488 1194 2509 norum
1218 2479 1447 2517 Raetorumque
1471 2478 1605 2509 auxum.
1631 2497 1675 2502 —
1687 2478 1846 2522 pervium]
1871 2480 1947 2510 sub·

182 2535 335 2567 Vicentia.
361 2538 462 2567 Inscr.
488 2546 528 2566 m.
556 2537 629 2570 Lat.
646 2537 687 2567 N.
703 2538 812 2568 3110:
838 2536 935 2566 SEX.
950 2536 1046 2566 ATI-

174 2593 225 2624 LI
230 2593 288 2623 VS.
334 2595 379 2623 M.
415 2595 454 2624 F.
491 2592 715 2624 SARANVS.
755 2592 928 2623 PBOGOS.
973 2593 1044 2624 EX.

174 2651 295 2681 SENA
302 2651 352 2682 TI
361 2650 473 2681 CONS
479 2651 534 2682 VL
539 2651 604 2681 TO.
616 2649 805 2681 INTERA
811 2650 1044 2682 TESTINOS.

174 2708 208 2738 E
211 2709 247 2740 Τ.
269 2707 550 2739 VEICETINOS.
562 2707 694 2738 FINIS.
707 2706 969 2744 TERMJNOSQ
978 2706 1043 2736 ΥΕ.

174 2765 357 2796 STATVJ.
377 2765 507 2795 JVSJT
517 2763 592 2806 (sic)
606 2775 635 2795 a.
649 2774 678 2795 u.
694 2775 722 2796 c.
737 2766 811 2796 618.
835 2768 867 2794 et
879 2764 919 2795 N.
936 2765 1042 2794 3219:

174 2821 291 2854 OVRA
298 2822 406 2853 TORJ
445 2822 699 2853 VIC'E'TINOR.
736 2839 779 2844 —-
806 2821 945 2860 pretium
962 2820 1042 2860 fuit]

173 2890 203 2911 c.
227 2882 268 2912 31
293 2879 350 2911 ubi
374 2883 513 2920 pretium
547 2879 657 2911 caedis
690 2883 759 2909 erat
793 2879 832 2909 cf.
859 2877 1043 2918 Nipperdey

1082 2536 1235 2573 stantive,
1259 2541 1295 2566 ut
1315 2536 1399 2575 apud
1414 2535 1546 2566 Livium
1564 2537 1618 2574 30,
1647 2537 1699 2574 10,
1727 2537 1746 2566 5
1759 2540 1792 2566 ut
1803 2536 1949 2575 pervium

1062 2594 1114 2623 'in
1137 2598 1234 2625 totum
1258 2593 1399 2624 ordinem
1423 2596 1511 2623 esset.
1552 2593 1641 2624 Fest.
1667 2593 1732 2624 vici
1766 2603 1797 2632 p.
1824 2594 1886 2624 871
1915 2597 1949 2623 ut

1079 2651 1114 2680 in
1137 2659 1173 2681 eo
1196 2650 1344 2687 aedificio
1362 2650 1507 2689 pervium
1531 2649 1583 2681 312.
1602 2649 1675 2680 Sen.
1701 2650 1742 2680 de
1767 2659 1860 2689 prov.
1878 2652 1910 2688 6,
1928 2652 1947 2681 9

1080 2717 1274 2746 quacumque
1299 2707 1355 2737 via
1375 2707 1519 2746 per-vium
1544 2712 1598 2738 est.
1622 2724 1668 2730 —
1691 2707 1762 2748 ala]
1785 2707 1855 2738 scil.
1883 2708 1946 2746 via,

1061 2769 1183 2815 'pane-
1214 2782 1245 2786 —
1276 2762 1408 2806 iynara]
1434 2773 1534 2794 sensu
1560 2765 1693 2803 passivo
1725 2764 1746 2794 i.
1772 2774 1802 2803 q.
1829 2764 1948 2803 ι’φιοια,

1060 2825 1113 2850 :ut
1160 2822 1307 2860 saepius,
1354 2822 1394 2851 cf.
1444 2819 1564 2851 Gerber
1609 2824 1643 2851 et
1690 2821 1797 2860 Grees
1838 2822 1947 2853 Lexic.

1081 2878 1158 2908 Tae.
1190 2887 1218 2909 s.
1253 2889 1284 2908 v.
1321 2895 1359 2901 -
1397 2878 1541 2909 claustra
1575 2877 1733 2921 annonae]
1768 2888 1832 2918 qua
1874 2889 1947 2919 pro-

174 2938 214 2968 ad
239 2938 324 2967 Anu.
352 2940 383 2977 1,
407 2939 449 2969 57
487 2937 679 2969 Germanico
708 2936 845 2976 precum
869 2934 939 2974 suit
973 2929 1190 2975 con-§vincia
1221 2939 1380 2974 occupata
1414 2935 1566 2967 frumenti
1615 2934 1784 2966 subvectio
1818 2937 1851 2967 in
1896 2946 1947 2967 ur-

175 2998 291 3025 vertere
306 3004 426 3033 aqmen.
440 3012 482 3018 —
497 2994 660 3033 Iuliasque
673 2991 784 3036 Alpes]
811 2994 942 3033 proprie
958 2993 1044 3023 inter

177 3051 330 3082 Carnium
356 3055 388 3083 et
411 3052 542 3082 Istriam
568 3061 670 3091 prope
696 3052 816 3081 Forum
834 3050 909 3080 Iulii
945 3047 1043 3091 (Civi-

176 3106 249 3138 dale
282 3107 333 3138 dd
369 3109 498 3150 fimi),
532 3109 578 3139 ita
601 3109 810 3151 appellatae„
834 3108 911 3146 quia
943 3106 1044 3136 lulius

176 3163 297 3194 Caesar
330 3174 388 3204 per
423 3174 478 3196 eas
515 3167 603 3196 viam
638 3166 810 3202 munierat,
844 3164 900 3194 sed
927 3163 1043 3193 latiore

177 3230 275 3252 sensu
298 3220 351 3251 hic
366 3221 498 3261 Alpium
521 3222 597 3261 iuga
621 3232 640 3253 a
656 3222 773 3253 Raetia
797 3221 953 3252 orientem
970 3228 1042 3248 ver—

177 3287 231 3309 sus
255 3277 317 3308 sita
341 3279 618 3317 comprehendere
635 3279 774 3310 videtur.
789 3296 831 3300 —
845 3273 1040 3317 obsepserat]

176 3335 216 3366 cs.
231 3334 333 3365 verba
345 3334 480 3364 Antonii
504 3343 532 3365 o.
546 3335 588 3365 53
606 3345 665 3366 sua
677 3335 858 3366 constantia
867 3337 1042 3373 perruptas

176 3391 287 3431 Alpes,
318 3394 505 3431 occupatam
528 3391 670 3430 Italiam,
706 3392 879 3431 ἕπευ-αμα
910 3391 1041 3421 Germa-

1079 2991 1154 3022 bem
1201 2996 1312 3031 posset
1351 2992 1532 3023 intercludi.
1591 2992 1631 3023 cf.
1686 2993 1772 3023 Anu.
1809 2995 1850 3031 2,
1893 2995 1946 3025 59.

1060 3048 1216 3079 *Dimum
1252 3066 1296 3071 —
1323 3053 1398 3088 post
1429 3047 1492 3092 rea]
1528 3051 1624 3088 »post
1658 3058 1767 3080 rerum
1802 3050 1947 3090 ipsarum

1060 3109 1269 3136 =eventum.‹

1125 3164 1156 3194 9.
1180 3162 1366 3202 Hostiliam]
1391 3162 1629 3202 appositionem
1661 3163 1762 3194 vicum
1794 3162 1947 3195 Verona»-

1080 3220 1159 3249 simn
1195 3220 1248 3249 hic
1283 3219 1411 3250 demum
1443 3219 1554 3256 addit,
1589 3229 1787 3260 quamquam
1818 3221 1882 3252 iam
1915 3223 1945 3257 2,

1082 3277 1145 3307 100
1179 3277 1270 3307 locus
1306 3276 1489 3306 nominatus
1523 3281 1603 3307 erut.
1650 3277 1776 3308 Plinius
1813 3279 1868 3315 21,
1904 3280 1945 3309 '13

1079 3332 1220 3364 Hostilia
1261 3333 1348 3363 vicus
1391 3332 1535 3363 adluitur
1577 3333 1677 3365 Pado.
1718 3351 1762 3357 —
1800 3334 1946 3373 Tartari]

1078 3389 1169 3420 fluvii
1212 3390 1434 3426 Venetorum,
1482 3389 1669 3421 etiamnunc
1705 3389 1855 3423 Tartaro.
1902 3409 1945 3414 —
