2176 3672
727 295 899 340 LIBER
925 296 1003 341 111.
1063 296 1165 352 cap.
1198 298 1235 340 1.
1264 297 1306 340 2.
1822 293 1906 338 393

139 413 185 454 et
231 409 386 454 castris
434 409 626 453 habitos:
685 423 763 464 per
810 410 953 454 omnia
999 410 1153 454 Italiae
1211 411 1441 465 municipia
1488 411 1657 453 desides
1670 443 1680 462 ‚
1740 413 1906 452 tantum

139 489 379 545 hospitibus
409 491 671 543 metuendos,
711 495 870 544 quanto
908 490 1089 534 ferocius
1129 494 1229 534 ante
1258 504 1304 534 se
1335 491 1513 546 egerint,
1553 494 1674 533 tanto
1712 490 1908 544 cupidius

138 569 352 614 insolitas
375 560 620 624 voluptates
662 570 870 615 hausisse.
930 572 1040 615 circo
1070 583 1234 626 quoque
1264 583 1315 615 ac
1343 571 1526 615 theatris
1567 577 1611 614 et
1651 571 1907 614 amoenitate

138 650 259 694 urbis
287 650 499 694 emollitos
545 655 621 694 aut
650 651 967 695 valetudinibus
996 651 1144 695 fessos.
1204 653 1279 695 sed
1310 652 1460 694 addito
1490 652 1632 706 spatio
1672 652 1907 694 rediturum

139 734 184 774 et
212 730 281 774 his
310 730 441 774 robur
469 731 748 775 meditatione
767 731 883 775 belli.
928 744 1005 775 nec
1033 732 1180 786 procul
1202 732 1487 785 Germaniam,
1517 733 1630 775 unde
1650 733 1783 784 vires;
1812 732 1908 774 Bri-

139 811 330 855 tanniam
358 811 468 855 freto
498 812 664 865 dirimi3
694 812 815 856 iuxta
843 811 1007 856 Gallias
1029 813 1364 867 Hispaniasque;
1396 813 1607 867 utrimque
1636 812 1749 855 viros
1778 824 1909 866 equos

96 909 110 914 ·
138 885 323 945 tributa3
352 892 575 947 ipsamque
596 892 765 935 Italiam
799 896 842 936 et
871 905 972 947 opes
1003 893 1145 946 urbis;
1176 905 1226 937 ac
1256 894 1293 936 si
1315 892 1470 936 inferre
1489 905 1609 936 arma
1629 893 1743 936 ultro
1762 893 1908 946 velint,

138 972 247 1015 duas
275 972 435 1016 classes
476 985 736 1027 vacuumque
765 973 982 1028 Illyricum
1019 986 1148 1017 mare.
1208 974 1312 1027 quid
1353 977 1443 1016 tum
1485 973 1673 1017 claustra
1702 973 1908 1016 montium

138 1051 397 1106 profutura?
439 1053 542 1107 quid
573 1057 759 1097 tractum
789 1054 833 1097 in
864 1057 1071 1098 aestatem
1103 1054 1232 1097 aliam
1264 1054 1452 1097 bellum?
1492 1055 1604 1097 unde
1632 1054 1803 1098 interim
1833 1067 1907 1108 pe-

1944 749 1963 778 ι’·

138 1133 305 1176 cuniam
337 1138 381 1177 et
415 1135 707 1178 commeatus?
738 1135 838 1189 quin
868 1135 1014 1189 potius
1043 1147 1092 1178 eo
1121 1135 1216 1189 ipso
1245 1140 1479 1187 uterentur,
1509 1135 1623 1188 quod
1642 1134 1908 1178 Pannonicae
1922 1152 1964 1183 10

137 1213 326 1268 legiones
357 1215 561 1268 deceptae
601 1215 738 1270 magis
780 1228 906 1269 quam
936 1215 1074 1258 victae
1103 1227 1326 1269 resurgere
1356 1215 1399 1258 in
1429 1214 1633 1258 ultionem
1665 1219 1905 1268 properent,

138 1293 312 1338 Moesici
342 1294 552 1338 exercitus
594 1296 784 1350 integras
814 1296 927 1339 vires
958 1295 1194 1339 attulerint.
1255 1296 1292 1339 si
1322 1308 1521 1339 numerus
1552 1295 1734 1338 militum
1764 1296 1907 1349 potius

137 1455 388 1510 disciplinae
427 1455 568 1510 ipsum
607 1457 824 1509 pudorem.
883 1455 1048 1510 equites
1092 1468 1192 1499 vero
1233 1469 1286 1499 ne
1323 1460 1412 1498 tum
1443 1456 1614 1510 quidem
1644 1456 1791 1509 victos,
1831 1457 1908 1499 sed

137 1548 376 1591 quanquam
408 1535 534 1579 rebus
563 1536 757 1579 adversis
787 1537 1010 1579 disiectam
1042 1535 1204 1579 Vitellii
1234 1537 1378 1580 aciem.

136 1616 257 1660 nicae
276 1629 327 1660 ac
348 1616 555 1660 Moesicae
576 1616 670 1660 alae
689 1629 919 1671 perrupere
940 1616 1128 1660 hostem:
1159 1629 1270 1660 nunc
1298 1616 1479 1660 sedecim
1501 1616 1665 1659 alarum
1686 1617 1909 1660 coniuncta

137 1697 262 1751 signa
290 1696 417 1751 pulsu
447 1698 672 1751 sonituque
710 1701 754 1740 et
797 1697 908 1740 nube
948 1698 1044 1751 ipsa
1082 1697 1275 1752 operient
1313 1709 1363 1741 ac
1403 1696 1710 1751 superfundent
1751 1697 1907 1740 oblitos

136 1777 391 1831 proeliorum
423 1778 585 1832 equites
616 1790 838 1832 equosque.
898 1778 983 1821 nisi
1012 1778 1107 1832 quis
1138 1779 1306 1831 retinet,
1346 1779 1456 1821 idem
1498 1791 1650 1821 suasor
1678 1782 1907 1832 auctorque

137 1857 301 1900 consilii
330 1869 414 1900 er0.
457 1871 545 1911 vos,
575 1858 730 1912 quibus
758 1858 929 1901 fortuna
958 1859 1001 1902 in
1030 1860 1196 1913 integro
1220 1863 1300 1913 est,
1330 1858 1516 1913 legiones
1538 1859 1769 1903 continete:
1802 1859 1906 1901 mihi

272 2020 291 2050 2
316 2029 351 2050 se
374 2019 496 2050 delebat
519 2019 714 2051 Lallemand
723 2030 737 2059 ,·
759 2019 868 2051 melius
891 2024 961 2051 erat
985 2023 1084 2052 antee.
1108 2021 1233 2059 egerint
1249 2020 1443 2060 Nipperdey.

134 2076 321 2117 lyricsinare
352 2077 409 2108 sed
430 2082 507 2108 nota
530 2077 643 2109 deleta.
730 2078 749 2107 9
774 2067 877 2109 lui-In

137 2125 177 2155 18
201 2127 339 2154 ειιιῑοεοι·
362 2127 438 2154 ποια
460 2123 563 2154 deleta
677 2127 831 2163 actorque
856 2123 953 2154 Iacob

1517 2018 1570 2062 ⁵!ss
1595 2020 1752 2051 brittania
1822 2021 1842 2051 8
1867 2021 1905 2051 51-

962 2079 1005 2110 10
1020 2078 1203 2117 pannonice
1226 2078 1368 2117 legionis
1393 2078 1450 2108 sed
1471 2088 1489 2109 e
1512 2087 1671 2117 superscr.
1745 2078 1785 2108 13
1803 2076 1904 2107 nichil

132 2295 251 2327 Festus
264 2296 325 2328 Ed.
343 2296 457 2327 Muell.
474 2306 506 2336 p.
523 2297 598 2327 249.
620 2297 653 2326 in
681 2295 847 2327 Procincta
863 2295 1000 2327 clauis:
1038 2297 1091 2334 12,
1118 2296 1160 2326 35
1195 2294 1229 2325 in
1263 2304 1355 2326 oram
1387 2293 1517 2333 Illyrici
1546 2294 1658 2325 ”mv-is.
1693 2312 1737 2318 —
1772 2294 1909 2326 Moesici

127 2354 296 2393 promta
319 2358 424 2384 autem
449 2357 524 2392 toya
547 2353 686 2384 Romami
705 2353 780 2383 olim
802 2353 849 2383 ad
857 2363 1001 2393 puqnam
1037 2350 1203 2396 exercitus]
1221 2353 1262 2384 cs.
1278 2354 1308 2391 2,
1334 2354 1388 2385 32.
1402 2354 1457 2383 44.
1470 2370 1514 2376 -—
1527 2351 1661 2382 militum
1678 2353 1789 2392 potius
1808 2363 1904 2392 quam

133 2412 180 2442 ire
211 2411 299 2442 soliti
325 2415 406 2443 sunt.
434 2429 475 2434 —
501 2421 534 2442 se
558 2411 686 2451 egerint]
713 2421 772 2451 pro
806 2411 936 2450 vulgari
970 2419 1002 2440 se
1036 2408 1203 2453 legionum]
1231 2419 1312 2450 quas
1336 2411 1447 2449 plures
1475 2419 1611 2440 numero
1634 2409 1779 2440 habebat
1801 2410 1905 2441 Vitel-

132 2469 294 2506 ymerum.
331 2469 470 2498 Frustra
492 2468 726 2499 Lallemaudus
759 2468 919 2508 probante
942 2468 1001 2498 Er·
1038 2467 1111 2504 lius,
1146 2467 1205 2498 sed
1238 2476 1303 2498 non
1335 2467 1461 2506 plenas.
1499 2467 1637 2498 DUEBN.
1663 2485 1707 2490 —-
1734 2464 1903 2509 pudorem]

132 2526 239 2557 nestio
252 2526 395 2557 deletum
408 2525 544 2555 volebat
558 2534 600 2555 se.
627 2526 731 2556 Multa
742 2526 893 2565 exempla
906 2525 1002 2556 huius
1040 2534 1079 2555 ex
1103 2533 1216 2563 pugna
1239 2524 1380 2555 adversa
1403 2527 1519 2555 ortum.
1534 2523 1707 2562 -equiees
1730 2533 1805 2554 vero
1829 2523 1904 2563 etc.]

132 2582 307 2614 locutionis
324 2583 456 2621 collegit
469 2582 686 2613 Ruhnkenius
703 2583 746 2613 ad
761 2582 919 2613 Rutilium
937 2583 1003 2612 Lu·
1038 2582 1223 2612 referuntur
1246 2582 1327 2612 haec
1351 2581 1392 2611 ad
1416 2583 1448 2619 2,
1472 2583 1527 2611 41.
1565 2581 1607 2612 ef.
1632 2583 1664 2618 2,
1688 2582 1752 2611 44:
1786 2590 1825 2611 ne
1858 2581 1907 2611 Vi-

135 2649 212 2680 pum
236 2650 267 2679 p.
295 2640 350 2678 87,
374 2639 485 2670 omnia
509 2640 576 2670 sere
601 2649 620 2670 a
647 2639 776 2671 Critieis
801 2640 1003 2677 addubitata,
1038 2639 1178 2670 tellam]
1210 2639 1335 2678 quidem
1373 2638 1571 2669 incruentam
1602 2637 1711 2676 fuisse
1739 2637 1907 2668 victoriam

133 2698 191 2728 sed
225 2706 246 2728 a
270 2698 374 2730 Codd.
410 2697 490 2727 satis
521 2697 660 2735 firmata,
695 2698 784 2727 velut
809 2696 932 2728 Seneca
963 2697 1003 2727 de
1034 2696 1129 2736 pulso
1150 2697 1261 2735 equite.
1287 2713 1333 2720 —
1356 2695 1441 2726 duae
1464 2714 1509 2719 —
1524 2695 1598 2726 alae
1615 2692 1803 2738 perrupere]
1829 2695 1906 2726 hine

134 2755 246 2786 Benef.
282 2756 314 2793 2,
349 2755 404 2786 20.
441 2753 503 2786 Ed.
544 2754 674 2784 Fickert
707 2754 747 2783 11.
774 2764 806 2792 p.
832 2754 892 2784 55:
928 2752 1007 2783 mihi
1040 2754 1073 2784 in
1097 2758 1219 2785 rectam
1244 2754 1425 2785 orationem
1457 2754 1585 2789 transit,
1620 2752 1660 2782 de
1683 2761 1748 2791 quo
1779 2760 1841 2782 usu
1865 2752 1907 2783 cf.

134 2810 284 2853 (Brutus)
302 2830 314 2836 -
337 2829 349 2835 ·
367 2811 401 2841 in
423 2811 485 2841 hac
516 2821 552 2841 re
587 2811 711 2842 videtur
745 2811 935 2841 vehementer
957 2820 1004 2841 er·
1040 2811 1166 2849 Dro’iqer
1190 2810 1317 2850 Syntax
1341 2810 1361 2850 ξ
1386 2811 1451 2841 256
1484 2810 1518 2840 ἰιι
1543 2810 1618 2839 fine.
1650 2826 1686 2832 —
1704 2808 1804 2848 pulsu
1826 2808 1908 2840 soni-

133 2877 224 2900 raeee
246 2878 305 2900 neo
328 2878 367 2899 ez
389 2868 584 2899 institutione
609 2869 717 2900 Stoica
749 2878 782 2899 se
805 2869 912 2908 efisae,
948 2868 1003 2898 ubi
1038 2867 1144 2907 tuque]
1179 2868 1220 2898 cf.
1254 2867 1352 2905 Verg.
1383 2867 1467 2898 Aen
1505 2867 1537 2904 7,
1572 2867 1637 2897 722
1671 2870 1762 2896 acuta
1795 2870 1910 2897 sonant

135 2925 243 2957 Guelf.
268 2926 296 2957 1.
312 2925 445 2965 fecisse,
481 2925 640 2957 Gruterus
675 2936 706 2957 ne
738 2925 882 2965 yessisse.
938 2925 1003 2955 Eu-

135 2982 263 3022 tropius
290 2984 342 3020 10,
370 2985 429 3014 15:
456 2984 514 3021 qui
533 2987 638 3014 tamen
656 2983 772 3023 primis
796 2983 924 3023 imperii
946 2992 1004 3012 an-

134 3039 186 3070 ns's
208 3039 329 3078 inqenti
358 3049 390 3070 se
420 3040 576 3071 modestia
605 3041 711 3080 eqerit.
737 3058 782 3064 —
804 3039 1005 3070 meditatione

135 3093 220 3138 benc]
244 3095 330 3134 Quid
354 3096 418 3128 hoc
442 3107 475 3129 v.
500 3098 670 3135 significet,
697 3100 858 3129 monstret
883 3099 915 3132 4.
941 3097 1002 3127 26:

134 3151 183 3182 ὣς·
204 3153 354 3184 struenda
377 3154 457 3193 acie,
481 3156 649 3187 manando
671 3154 885 3193 vallandoque
908 3158 937 3184 et
958 3163 1003 3183 ce-

135 3210 213 3240 teria
236 3209 311 3240 belli
340 3211 569 3243 meditamentis
602 3213 730 3244 militem
745 3212 934 3252 firmabant.
960 3228 1004 3233 —

135 3265 218 3297 unde
251 3264 347 3310 vires]
382 3276 489 3300 novae
523 3275 659 3309 possent
691 3271 800 3302 acciri.
833 3288 877 3293 -
907 3266 1002 3310 freto]

137 3323 360 3354 tantummodo
403 3324 499 3356 facile
540 3327 798 3358 transmittendo.
836 3344 878 3350 -—-
923 3326 1003 3356 (lum

135 3378 266 3423 classes]
289 3380 507 3412 Misenensem
538 3385 570 3413 et
602 3383 836 3415 Ravennatem.
861 3401 903 3407 -
928 3382 1005 3422 Illy-

136 3437 239 3469 ricum
262 3435 363 3481 mare]
389 3437 503 3470 Cicero
537 3439 577 3470 de
611 3441 747 3479 imperio
782 3441 843 3473 Cn.
869 3440 1005 3479 Pompei

1036 2925 1192 2964 pulsuque
1210 2923 1329 2964 pedum
1353 2923 1527 2954 conterrita
1549 2923 1650 2953 tellus.
1664 2940 1708 2948 —
1728 2921 1820 2967 nube]
1838 2924 1909 2963 pul·

1040 2982 1138 3013 veris.
1162 2981 1314 3012 —idem
1338 2977 1464 3022 suasor]
1494 2989 1597 3019 »quae
1631 2980 1696 3010 iam
1726 2981 1815 3011 suasi
1838 2981 1910 3020 ipse

1040 3039 1173 3077 exsequi
1207 3043 1240 3069 et
1274 3037 1371 3068 vobis
1413 3037 1688 3068 commilitonibus
1723 3038 1910 3077 exemplum

1040 3095 1199 3135 praebere
1223 3095 1310 3126 illico
1334 3094 1518 3133 aggrediar,
1554 3094 1594 3124 ad
1618 3094 1705 3134 quod
1728 3104 1909 3134 provocare

1040 3152 1222 3192 poteritis«
1258 3152 1300 3182 cf.
1323 3150 1456 3182 Curtius
1481 3153 1511 3187 3,
1537 3153 1568 3189 7,
1596 3153 1614 3182 7
1640 3151 1722 3182 idem
1745 3156 1775 3182 et
1797 3156 1911 3184 auam·

1039 3214 1069 3240 et
1091 3210 1219 3240 nuntius
1249 3208 1333 3239 vem'c
1355 3207 1387 3239 h.
1414 3217 1440 3239 e.
1467 3208 1631 3239 nuntiavit
1654 3218 1724 3239 rem
1744 3208 1831 3240 idem
1855 3209 1910 3249 qui

1041 3270 1196 3305 gesserat.
1222 3265 1339 3295 Livius
1364 3266 1395 3301 2,
1421 3265 1476 3302 54,
1502 3266 1520 3295 7
1545 3274 1603 3296 neo
1625 3269 1739 3297 auetor-
1761 3266 1908 3305 quamvis

1040 3323 1162 3354 audaci
1187 3321 1340 3361 facinori
1371 3321 1490 3353 deerat.
1514 3339 1559 3346 —
1583 3321 1697 3362 quibua
1708 3322 1851 3361 fortuma
1874 3323 1909 3353 in

1041 3381 1161 3419 inteyro
1193 3378 1250 3422 est]
1286 3379 1341 3419 qui
1374 3382 1581 3411 remanentes
1624 3379 1707 3411 nihii
1748 3380 1910 3419 periclita-

1042 3438 1132 3474 mini.
1167 3446 1239 3468 cum
1276 3446 1336 3474 ego
1373 3437 1462 3467 solus
1493 3436 1668 3468 discrimen
1700 3437 1844 3469 subeam.
1867 3454 1910 3460 —

1614 3493 1704 3534 26⁴*

1442 1537 1578 1579 »duae
1614 1543 1714 1579 tunc
1742 1536 1964 1582 Panno-15
