2176 3672
736 784 1092 857 CORNELII
1138 795 1392 856 TACITI

549 905 623 968 l)
644 905 705 969 1⁴}
766 903 1578 969 onawonsnns

442 1020 464 1042 ⁴
889 1028 1253 1075 unrocus,

796 1195 1346 1232 BREVIARIUM.

182 1279 256 1314 Gap.
275 1284 301 1308 1.
333 1281 501 1314 Postquam
522 1281 628 1308 Iustus
653 1281 770 1308 Fabius
793 1288 886 1314 saepe
910 1288 950 1307 ex
974 1283 1100 1308 auctore
1124 1281 1245 1314 dialogi
1268 1280 1488 1314 requisiverat,
1521 1288 1574 1307 cur
1597 1287 1660 1308 non
1683 1281 1816 1313 amplius
1840 1281 1960 1314 vigeret

212 1325 409 1360 eloquentiae
427 1326 578 1360 studium,
602 1326 656 1353 hio
671 1333 736 1362 non
754 1334 840 1353 suam
864 1327 1004 1359 proferre
1029 1326 1216 1353 sententiam
1238 1327 1363 1359 statuit,
1388 1326 1442 1352 sed
1459 1328 1595 1359 repetere
1614 1333 1783 1352 sermonem
1800 1327 1959 1352 hominurn

211 1356 496 1405 disertissfiorun
515 1378 594 1404 quos
611 1372 740 1398 eandem
763 1373 976 1405 quaestionem
999 1374 1225 1405 pertractantes
1251 1371 1416 1398 admodum
1440 1371 1559 1398 iuvenis
1578 1371 1758 1398 audivisset,
1802 1373 1826 1398 2.
1844 1374 1870 1398 3.
1905 1372 1959 1397 isti

212 1418 286 1443 sunt
297 1415 456 1443 Curiatius
467 1417 627 1443 Maternus
636 1436 644 1451 ,
657 1424 698 1443 ex
722 1420 846 1445 oratore
858 1420 961 1452 poeta,
980 1419 1022 1444 M.
1041 1418 1126 1451 Aper
1148 1418 1250 1444 Iulius
1275 1417 1442 1450 Secundus,
1461 1417 1661 1443 celeberrima
1672 1419 1737 1443 tum
1749 1416 1811 1443 fori
1823 1417 1959 1450 ingenia,

211 1461 266 1494 qui
289 1461 456 1495 mirantur,
482 1462 566 1495 quod
588 1462 746 1489 Maternus
769 1463 922 1490 fastiditis
945 1464 1122 1490 orationum
1140 1469 1362 1496 causarumque
1385 1462 1498 1489 studiis
1521 1469 1610 1488 omne
1633 1469 1714 1488 nunc
1738 1463 1859 1494 tempus
1878 1463 1961 1489 circa

209 1506 387 1539 tragoedias
404 1510 576 1540 consumat,
593 1507 723 1542 quarum
739 1510 844 1536 tamen
861 1509 1046 1536 recitatione
1064 1509 1231 1535 offendisse
1248 1509 1421 1541 potentium
1439 1508 1558 1534 animos
1577 1508 1708 1534 dicatur.
1737 1510 1762 1534 4.
1781 1507 1833 1534 hic
1851 1508 1960 1540 poesin

210 1557 231 1578 a
246 1557 281 1578 se
297 1558 380 1578 nunc
397 1552 462 1578 ooli
478 1553 650 1588 profitetur,
669 1554 744 1588 quia
760 1555 899 1582 sanctior
915 1556 992 1581 haec
1010 1557 1039 1581 et
1057 1555 1221 1588 augustior
1238 1554 1280 1580 sit
1298 1554 1487 1588 eloquentia.

241 1597 331 1624 5—7.
366 1597 451 1624 Hinc
473 1598 574 1625 oritur
596 1599 800 1634 disceptatio,
824 1602 927 1626 utrum
962 1601 1170 1632 praestantior
1194 1600 1236 1626 sit
1261 1607 1310 1626 ars
1336 1600 1475 1626 oratoria
1501 1607 1541 1626 an
1557 1600 1687 1632 poetica.
1738 1599 1821 1631 Aper
1840 1599 1959 1632 magnis

207 1641 354 1670 laudibus
377 1643 539 1676 praedicat
561 1645 717 1672 oratoriae
739 1646 817 1672 artis
840 1646 1019 1679 utilitatem,
1044 1646 1254 1678 voluptatem,
1278 1645 1478 1678 dignitatem,
1502 1647 1527 1671 8.
1546 1652 1583 1672 ac
1600 1647 1747 1678 provocat
1764 1645 1803 1672 ad
1822 1645 1961 1677 exempla

207 1687 350 1714 Marcelli
372 1689 463 1721 Eprii
487 1691 518 1716 et
543 1689 646 1723 crispi
670 1691 768 1717 Vibii.
787 1694 812 1718 9.
831 1694 873 1718 10.
891 1693 1053 1724 poetarum
1071 1693 1178 1718 contra
1195 1691 1316 1717 nullam
1333 1697 1402 1718 esse
1419 1691 1602 1723 dignitatem
1621 1690 1698 1717 dicit
1715 1692 1767 1717 aut
1783 1690 1961 1721 utilitatem,

208 1732 401 1765 voluptatem
415 1741 489 1762 vero
502 1735 634 1770 brevem,
644 1736 767 1763 laudem
778 1737 910 1770 inanem,
923 1737 1148 1764 infructuosam
1158 1737 1326 1769 multisque
1335 1736 1552 1763 recitationum
1569 1736 1722 1762 molestiis
1738 1743 1774 1762 ac
1790 1734 1962 1767 sumptibus

208 1779 335 1810 partam.
352 1779 463 1807 iisdem
475 1787 543 1808 esse
553 1781 587 1807 in
605 1782 810 1809 solitudinem
825 1782 1038 1815 secedendum,
1052 1782 1181 1809 simodo
1200 1782 1329 1815 dignum
1339 1782 1459 1814 aliquid
1469 1782 1628 1808 elaborare
1639 1781 1747 1815 velint,
1755 1782 1784 1807 et
1796 1781 1962 1807 mediocres

214 1823 332 1850 nemini
345 1826 448 1859 notos,
465 1826 566 1853 bonos
578 1827 703 1860 paucis3
721 1827 859 1854 studium
871 1828 1004 1860 denique
1016 1827 1144 1854 illorum
1156 1834 1219 1853 non
1229 1828 1332 1854 minus
1346 1828 1517 1854 obnoxium
1530 1827 1675 1860 offensae,
1695 1833 1785 1859 quam
1797 1827 1962 1852 oratorum.

209 1867 316 1902 itaque
324 1870 475 1905 Materno,
491 1870 532 1898 ad
545 1871 689 1899 altiorem
698 1873 909 1906 eloquentiam
918 1875 949 1899 et
959 1873 999 1899 ad
1010 1880 1127 1899 summa
1143 1874 1227 1906 nato,
1246 1879 1311 1899 non
1328 1873 1559 1899 subsistendum
1577 1879 1644 1899 esse
1663 1872 1697 1898 in
1714 1871 1893 1904 levioribus,
1912 1870 1964 1897 sed

212 1913 251 1940 ab
270 1914 438 1943 auditoriis
457 1917 487 1942 et
503 1917 635 1944 theatris
653 1918 688 1944 in
705 1918 809 1945 torum
827 1920 858 1944 et
875 1917 919 1945 ad‘
933 1926 1044 1945 causas
1061 1925 1195 1951 veraque
1213 1918 1334 1950 praelia
1350 1918 1548 1945 redeundum.

245 1962 368 1988 11—18.
387 1960 473 1993 Quae
490 1969 585 1994 quum
602 1963 687 1995 Aper
705 1963 840 1990 dixisset
857 1964 961 1990 acrius
980 1966 1010 1991 et
1028 1964 1148 1990 intento
1164 1971 1227 1997 ore,
1238 1964 1386 1990 remissus
1400 1966 1429 1990 et
1443 1964 1605 1991 subridens
1619 1963 1782 1995 respondet
1794 1962 1964 1988 Maternus:

210 2005 350 2036 poeticae
367 2006 472 2032 studio
490 2007 640 2034 maiorem
657 2009 763 2040 parari
782 2009 976 2036 securitatem
1002 2011 1032 2036 et
1050 2009 1190 2042 gloriam,
1211 2017 1303 2042 quam
1320 2009 1438 2036 forensi
1455 2010 1564 2036 labore
1582 2010 1612 2035 et
1631 2009 1761 2040 strepitu
1778 2007 1964 2040 litigantium

211 2051 265 2076 aut
282 2050 484 2078 salutantium
513 2051 700 2085 frequentia,
729 2054 884 2086 puriorem
918 2061 993 2081 vero
1023 2055 1213 2087 voluptatem
1243 2062 1352 2081 securo
1382 2057 1414 2082 ct
1443 2056 1562 2081 secreto
1594 2061 1716 2081 secessu
1740 2054 1773 2079 in
1796 2059 1920 2078 nemora
1938 2053 1967 2077 et

210 2094 315 2129 lucos,
339 2103 431 2129 quam
448 2096 572 2123 lucrosa
590 2099 620 2123 et
637 2100 842 2131 sanguinante
859 2099 893 2126 in
910 2099 978 2125 i'oro
998 2100 1191 2133 eloquentia,
1216 2107 1295 2133 quae
1312 2107 1385 2134 non,
1405 2102 1438 2126 ut
1454 2100 1568 2133 poesis,
1587 2106 1689 2132 auree,
1708 2099 1761 2125 sed
1778 2098 1876 2125 ferreo
1901 2104 1966 2124 sae-

212 2140 283 2166 culo
302 2142 332 2166 et
349 2143 475 2173 propter
491 2142 591 2169 malos
614 2143 774 2171 hominum
798 2151 900 2171 mores
925 2145 958 2172 in
976 2146 1080 2171 locum
1103 2145 1160 2171 teli
1182 2147 1305 2177 reperta
1327 2145 1376 2172 sit.
1419 2145 1542 2172 dulcem
1566 2152 1633 2171 esse
1651 2146 1808 2176 poetarum
1825 2143 1918 2169 vitam
1937 2144 1967 2168 et

210 2191 353 2212 curarum
370 2189 537 2221 expertem,
555 2189 681 2215 anxiam
699 2197 772 2216 vero
792 2191 959 2223 oratorum,
979 2191 1032 2222 qui
1051 2197 1169 2222 semper
1185 2190 1236 2216 vel
1253 2191 1384 2216 timeant
1402 2191 1453 2216 vel
1470 2191 1647 2217 timeantur.

244 2233 287 2258 14.
300 2230 463 2264 colloquio
476 2234 657 2266 supervenit
669 2235 837 2267 Vipstanus
850 2236 1007 2269 Messalla,
1015 2236 1181 2262 admirator
1192 2237 1330 2262 veterum
1341 2238 1513 2268 temporum
1526 2238 1751 2268 oratorumque,
1765 2233 1965 2260 recentiorum

215 2277 418 2309 contemptor.
438 2279 560 2305 15-17.
579 2279 653 2306 hinc
670 2279 764 2314 Aper,
783 2281 903 2307 saeculi
921 2280 970 2307 sui
988 2287 1199 2314 novorumque
1216 2281 1373 2307 rhetorum
1391 2283 1551 2315 patronus,
1571 2281 1743 2308 accuratius
1762 2279 1964 2306 definiendum

217 2323 333 2355 censet,
352 2322 478 2355 quinam
497 2325 636 2351 oratores
654 2326 786 2352 vocandi
805 2326 868 2352 sint
886 2324 1021 2358 antiqui:
1041 2328 1143 2352 utrum
1162 2326 1274 2354 Ulixes
1293 2328 1414 2352 tantum
1439 2329 1468 2352 et
1480 2326 1593 2354 Nestor
1606 2329 1635 2352 et
1647 2325 1805 2352 Menenius
1819 2324 1965 2356 Agrippa,

215 2373 255 2392 an
279 2366 371 2393 etiam
395 2367 619 2396 Demosthenes
644 2372 674 2396 et
701 2370 892 2405 Hyperides,
935 2372 1014 2398 inter
1039 2378 1168 2403 quorum
1187 2374 1217 2397 et
1234 2373 1293 2398 hoc
1312 2379 1419 2398 aevum
1437 2379 1500 2398 non
1518 2373 1615 2398 multo
1634 2372 1738 2404 plures
1757 2377 1846 2402 quam
1865 2368 1965 2395 CCCC.

212 2411 285 2438 anni
305 2412 464 2447 intersint,
494 2416 548 2440 aut
565 2414 690 2450 Cicero,
708 2415 831 2450 Caesar,
850 2416 983 2449 Caelius,
1002 2416 1125 2450 Calvus,
1144 2418 1269 2450 Brutus,
1288 2417 1427 2450 Asinius,
1456 2417 1617 2450 Messalla,
1651 2417 1703 2449 qui
1732 2416 1787 2441 vix
1804 2415 1895 2441 unius
1913 2414 1966 2439 ho-

211 2456 306 2483 minis
325 2460 424 2485 aetate
443 2458 506 2485 sint
523 2460 651 2492 prlores.
687 2463 729 2488 18.
748 2462 864 2488 formas
883 2464 985 2488 autem
1005 2464 1037 2487 et
1053 2469 1165 2495 genera
1183 2463 1306 2489 dicendi
1320 2470 1388 2489 cum
1399 2463 1590 2494 temporibus
1603 2470 1639 2489 ac
1652 2461 1829 2487 diversitate
1846 2460 1965 2486 aurium

215 2503 325 2530 mutari
337 2506 457 2537 mouet,
468 2506 498 2530 et
511 2505 588 2531 vitio
604 2506 810 2539 malignitatis
823 2508 975 2533 humanae
986 2514 1103 2539 semper
1113 2507 1234 2534 laudari
1246 2510 1365 2541 vetera,
1380 2507 1553 2540 praesentia
1567 2506 1710 2533 fastidiri.
1724 2508 1764 2532 19.
1774 2507 1815 2531 20.
1827 2504 1965 2531 Cassium

220 2545 365 2575 Severum
388 2556 407 2575 a
419 2550 527 2576 multis
540 2551 626 2577 velut
635 2552 802 2578 terminum
822 2552 1018 2584 antiquitatis
1029 2552 1177 2578 constitui
1186 2553 1377 2586 primumque
1387 2553 1513 2579 flexisse
1522 2552 1623 2584 putari
1634 2552 1672 2578 ab
1692 2551 1749 2576 illa
1765 2551 1866 2575 vetere
1876 2550 1966 2580 atque

213 2591 328 2620 directa
335 2594 459 2621 dicendi
465 2596 529 2621 via:
539 2603 602 2623 non
609 2597 749 2622 tamenid
757 2597 866 2623 fecisse
876 2598 1054 2624 infirmstate
1064 2598 1181 2630 ingenii
1188 2605 1245 2625 nec
1250 2599 1562 2630 inscitialitterarum‚
1571 2597 1623 2623 sed
1635 2595 1750 2622 iudicio
1760 2594 1963 2620 etintelleotu.

214 2638 291 2664 olim
309 2639 343 2666 in
361 2641 477 2667 honore
495 2640 593 2668 fuisse
611 2642 708 2675 longa
725 2642 878 2675 principia
895 2645 925 2669 et
942 2644 1148 2677 narrationes,
1167 2643 1353 2670 divisionum
1366 2645 1672 2676 argumentorumque
1685 2640 1848 2666 multorum
1863 2640 1964 2663 osten-

214 2684 364 2711 tationem
388 2687 420 2711 et
442 2686 661 2719 philosophica
684 2688 819 2714 orationi
844 2688 974 2719 inserta;
999 2696 1080 2714 nuno
1105 2689 1142 2714 ab
1165 2691 1287 2715 oratore
1311 2688 1464 2715 laetitiam
1488 2690 1517 2714 et
1534 2685 1794 2719 pulchritudinem
1813 2682 1962 2709 orationi·

219 2730 437 2764 poeticumque
462 2731 604 2758 decorem
631 2733 725 2765 exigi.
763 2734 805 2759 21.
825 2734 867 2759 22.
892 2733 924 2759 in
949 2733 1140 2759 orationibus
1159 2733 1245 2760 Calvi
1263 2740 1394 2766 quoque,
1415 2733 1519 2765 Caelii,
1539 2731 1686 2762 Caesaris,
1705 2729 1819 2761 Asinii,
1839 2727 1962 2754 Corvini

216 2774 374 2808 ipsiusque
393 2775 548 2803 ciceronis
573 2778 670 2804 multa
693 2779 881 2811 deprehendi
900 2779 1093 2810 antiquitatis
1113 2779 1204 2812 vitia,
1231 2779 1337 2805 sordes
1355 2779 1527 2810 verborum,
1546 2777 1681 2802 hiantem
1701 2772 1961 2805 compositionem,

216 2826 322 2847 sensm
351 2821 539 2856 inconditos,
573 2830 652 2856 quae
678 2826 780 2850 tamen
808 2825 876 2851 sola
902 2826 1048 2850 mirentur
1065 2824 1203 2856 perversi
1220 2824 1401 2850 imitatores.
1437 2824 1478 2848 2³.
1497 2822 1621 2854 iniquos
1640 2820 1734 2852 igitur
1754 2818 1869 2844 iudices
1883 2824 1960 2849 essc,

217 2865 271 2897 qui
288 2866 416 2899 antiqua
444 2869 565 2894 tantum
584 2868 712 2895 efferant
730 2869 874 2896 laudibus
897 2870 1111 2901 rhetorumque
1130 2869 1333 2895 recentiorum
1352 2867 1586 2894 commentarios
1605 2864 1772 2891 fastidiant.
1807 2865 1961 2895 postremo

219 2909 383 2937 Messallae
400 2913 430 2938 et
439 2913 570 2939 Materni
589 2913 757 2940 etSecundi
766 2915 897 2941 virtutes
904 2914 1060 2947 praedicat
1069 2921 1182 2945 eosque
1193 2914 1232 2940 ad
1251 2914 1469 2939 illustrandum
1488 2911 1643 2938 saeculum
1657 2917 1743 2936 suum
1756 2908 1961 2941 pulcherrimo

219 2954 341 2982 dicendi
358 2963 470 2989 genere
488 2959 686 2992 exhortatur,
707 2967 774 2985 cum
799 2960 905 2986 videat
923 2967 986 2992 eos,
1006 2966 1084 2991 quae
1102 2965 1174 2985 vera
1192 2958 1233 2984 sit
1251 2959 1443 2991 eloquentiae
1462 2964 1519 2989 ars,
1539 2956 1710 2982 laetissima
1728 2961 1866 2987 quaeque
1885 2953 1960 2980 anti-

217 3007 346 3032 quorum
363 3001 476 3029 imitari
493 3011 529 3030 ao
546 3005 692 3036 gravitati
710 3013 853 3032 sensuum
870 3006 1000 3031 nitorem
1023 3005 1200 3035 cultumque
1217 2994 1379 3029 verborum
1399 3002 1535 3028 miscere.

251 3046 293 3071 Μ.
312 3046 388 3072 'rum
405 3048 563 3075 Maternus
582 3050 726 3076 admonet
738 3051 922 3084 Messallam,
941 3053 984 3083 ut,
996 3050 1088 3076 missa
1099 3049 1294 3080 antiquorum
1313 3047 1500 3079 laudatione,
1521 3046 1573 3079 qui
1592 3053 1627 3073 ea
1645 3053 1706 3072 non
1720 3045 1887 3077 indigeant,
1901 3050 1959 3069 me-

217 3095 282 3116 mor
293 3092 397 3122 potius
414 3093 558 3125 promissi
577 3102 686 3121 causas
705 3098 873 3129 expromat,
893 3103 947 3122 cur
965 3097 996 3121 in
1014 3096 1131 3121 tantum
1150 3094 1188 3119 ab
1207 3093 1384 3125 eloquentia
1403 3099 1505 3118 corum
1524 3091 1686 3118 recesserit
1702 3092 1786 3117 aetas
1800 3089 1959 3115 recentior.

219 3133 260 3161 25.
282 3136 332 3162 hic
356 3138 487 3169 primum
512 3139 609 3173 docet,
634 3140 759 3173 quinam
784 3142 901 3173 antiqui
921 3142 984 3167 sint
1009 3138 1199 3172 appellandi3
1215 3139 1319 3170 plures
1330 3138 1454 3164 dicendi
1474 3138 1587 3162 formas
1607 3136 1698 3162 etiam
1716 3135 1811 3161 isdem
1830 3133 1961 3160 saeculis

221 3176 314 3206 tals-0
331 3183 362 3208 et
379 3183 553 3216 singulares
572 3184 670 3219 Calvi,
688 3186 788 3213 Asinii
806 3187 995 3218 aliorumque
1012 3186 1154 3211 virtutes:
1173 3184 1256 3215 quod
1279 3191 1350 3209 vcro
1382 3183 1512 3208 invicem
1539 3181 1787 3213 obtrectaverint,
1815 3186 1876 3205 non
1897 3185 1960 3204 csse

221 3225 374 3253 oratorum
391 3227 509 3262 vitium,
528 3230 581 3256 sed
599 3231 771 3257 hominum:
808 3234 850 3258 2⁰.
875 3232 1058 3264 gravitatem
1082 3230 1211 3261 denique
1236 3231 1266 3254 et
1284 3229 1399 3254 cultum
1419 3227 1583 3253 oratorium
1602 3226 1806 3258 impetumque
1824 3226 1959 3250 veterum

222 3265 314 3301 1011Ιο
335 3272 567 3303 praeterendum
592 3282 659 3302 esse
683 3277 847 3303 verborum
871 3277 1033 3308 lasciviae,
1061 3274 1183 3300 levitati
1206 3274 1427 3300 sententiarum
1450 3275 1480 3298 et
1503 3271 1734 3303 compositionis
1752 3269 1905 3297 licentiae,
1928 3269 1958 3293 ln

223 3312 332 3344 qulbus
349 3317 409 3343 sibi
426 3318 568 3350 placeant
586 3322 782 3348 recentiores.

1629 3367 1650 3398 u
