2176 3672
876 209 979 265 Cap.
1008 209 1076 252 44.
1108 208 1177 252 45.
1808 206 1891 248 219

144 327 308 372 curiam
335 329 379 370 et
413 324 602 367 clausum
637 322 763 365 armis
782 313 785 315 ⁴
806 326 999 364 senatum
1044 327 1088 365 et
1133 321 1283 364 eadem
1327 325 1468 377 strage
1513 325 1575 364 tot
1609 319 1893 364 consularium

144 400 311 454 caedes,
339 402 404 442 tot
429 396 782 444 nobilissimarum
801 395 1056 439 feminarum
1076 396 1206 439 exilia
1227 400 1270 438 et
1289 395 1424 450 fugas.
1447 407 1541 442 ‘una
1559 395 1699 438 adhuc
1717 394 1894 438 victoria

140 472 284 530 (ht-'e
304 471 476 516 nerim
491 469 756 522 censebatur,
793 473 836 512 et
872 470 982 512 intra
1011 469 1224 513 Albanam
1261 483 1403 513 arcem
1438 470 1650 512 sententia
1677 468 1894 513 Messalini

285 546 372 600 bat,
402 549 447 588 et
475 530 615 588 Massa
643 541 825 586 Baebius
856 542 972 598 [iam]
1004 548 1094 586 tum
1124 558 1221 586 reus
1252 548 1355 586 erat.
1402 557 1502 586 mox
1530 547 1700 586 nostrae
1730 543 1894 586 duxere

126 605 132 645 ἶ
231 617 390 662 vidium
419 619 463 661 in
499 631 713 661 carcerem
741 631 910 671 manus;
948 632 1025 661 nos
1054 618 1292 661 Mauricum
1320 617 1625 672 Rusticumque
1663 617 1893 671 divisimus,
1911 633 1928 659 ⁵

142 1181 204 1208 tem
219 1175 301 1208 hello
315 1175 466 1217 Italiam,
492 1186 555 1208 non
571 1176 734 1208 ardentem
758 1176 889 1208 invidia
905 1186 994 1207 sena-

143 1227 210 1254 tum
225 1230 252 1253 e.
269 1231 300 1262 q.
316 1230 342 1252 e.

186 1267 345 1300 abusam
376 1266 515 1305 curiam]
540 1277 567 1298 e.
590 1277 621 1307 q,
638 1277 664 1298 s.
710 1267 795 1298 Idem
818 1267 856 1298 de
879 1268 996 1298 Nerone

142 1314 235 1344 tradit
248 1314 326 1344 Ann-
342 1312 421 1344 XVI.
440 1314 493 1343 27.

187 1358 298 1390 eaden
319 1357 454 1397 strageJ.
495 1357 532 1388 Η.
549 1358 601 1388 IV.
618 1358 660 1388 42
685 1366 756 1388 cum
778 1372 822 1379 —
844 1356 997 1388 innoxios

139 1412 275 1444 pueros,
308 1402 467 1434 inlustres
497 1412 599 1442 cenea,
632 1402 824 1441 conspicuas
846 1401 998 1442 feminas

141 1448 254 1487 eaden
266 1447 369 1483 ruina
380 1452 610 1488 prosterneres.

185 1497 235 1525 tot
254 1491 501 1531 consularium}
536 1492 647 1524 Eorum
669 1493 791 1523 nomina
813 1493 895 1532 apud
912 1493 995 1524 Suet.

141 1538 230 1571 Dem-
248 1539 301 1569 10.
645 1556 651 1559 -

175 1580 406 1624 seminarum]-
432 1583 510 1614 Plin.
529 1593 577 1623 ep.
594 1583 646 1615 111.
666 1585 717 1620 11,
733 1585 752 1615 3
766 1580 850 1623 (coll.
866 1584 931 1616 vn.
945 1578 997 1625 19)

140 1629 577 1666 nominatGratillam,Aruleni
592 1629 707 1660 Rustici
721 1639 853 1666 uxorem,
871 1630 997 1665 Arriam,

140 1674 290 1707 Thraseae
305 1684 438 1712 uxorem,
455 1674 609 1713 Fanniam,
629 1674 776 1705 Thraseae
800 1675 904 1709 filiam,
929 1675 997 1705 Hel-

141 1720 216 1757 vidii
232 1729 367 1752 uxorem.

178 1763 310 1807 suque}
334 1765 434 1804 Fugae
446 1766 676 1796 usitatissimum
691 1775 785 1804 genus
800 1769 847 1796 est
863 1766 997 1797 exilium.

18 1807 19 1811 ’
74 1827 78 1830 ·
141 1812 247 1852 Itaque
263 1811 386 1852 proprio
403 1811 550 1842 vocabulo
566 1811 716 1842 adiectum
735 1814 781 1841 est
795 1812 838 1848 id,
855 1812 938 1852 quod
954 1812 998 1842 la-

140 1858 203 1889 tius
219 1859 312 1898 patet.
337 1855 383 1888 cf.
400 1857 618 1896 Nipperdeium
635 1857 675 1887 ad
692 1858 770 1887 Ann-
788 1857 841 1888 111.
860 1859 913 1888 24.
940 1857 997 1888 He-

140 1912 244 1935 raeum
258 1902 298 1933 ed
313 1901 351 1933 Η.
369 1902 407 1936 V.
425 1903 478 1933 24.

190 1947 293 1980 Garun
316 1945 467 1985 Metiuss,
498 1956 575 1978 unns
599 1957 635 1977 ex
659 1948 852 1987 nequissimis
876 1947 998 1978 illorum

142 1996 311 2033 temporum
343 1992 545 2028 delatoribus,
579 1993 631 2032 qui
662 1995 768 2032 postea
800 1993 998 2024 Senecionem

142 2038 305 2070 mmvit.
336 2038 415 2070 min.
431 2047 478 2077 ep.
499 2037 522 2069 1.
541 2039 571 2074 5,
589 2040 620 2069 ³.
650 2038 716 2068 v11.
738 2039 788 2074 19,
807 2041 837 2069 ο.
872 2040 925 2078 27,
948 2040 997 2069 14.

143 2083 230 2115 Hert.
246 2083 312 2114 XII.
331 2084 385 2119 2⁵.
404 2084 434 2114 5.
459 2083 524 2114 Iuv.
545 2085 572 2119 1,
591 2083 647 2114 35.

187 2127 405 2167 censebatur-L
431 2128 652 2160 aestimabatur.
686 2128 844 2159 Ablaflvus
865 2139 931 2159 una
954 2144 999 2151 -—

142 2173 287 2206 victoria
311 2174 345 2204 id
371 2174 528 2213 signifieat,
561 2183 597 2204 ex
619 2183 679 2214 quo
707 2174 822 2213 aliquid
849 2175 998 2205 metimur.

143 2219 190 2250 cf.
202 2229 264 2259 per
279 2219 486 2251 ambitionem
501 2219 673 2250 aestimare
689 2229 714 2250 c.
730 2221 783 2250 40.
808 2219 891 2250 Tunc
906 2230 1000 2250 unum

144 2266 262 2296 tautum
277 2264 330 2295 ille
342 2273 426 2295 reum
441 2264 610 2303 perculerat
624 2274 722 2304 neque
734 2265 899 2304 quidquam
917 2275 1000 2304 prae-

145 2313 191 2341 ter
206 2309 285 2341 hane
300 2318 390 2340 unam
406 2310 559 2340 victoriam
584 2310 655 2346 fuit,
678 2319 713 2340 ex
737 2319 798 2350 qno
823 2313 926 2350 posset
949 2311 999 2341 de-

146 2355 304 2395 prehendi,
320 2357 505 2394 quantopere
522 2358 602 2386 esset
616 2356 805 2387 metuendus.

187 2395 312 2443 intra}
336 2400 372 2431 In
387 2399 446 2431 hoc
462 2400 610 2431 vocabulo
626 2404 673 2431 est
687 2402 733 2431 vis
749 2401 925 2432 sententiae.
951 2401 999 2432 Cf.

145 2454 173 2477 ο.
190 2446 233 2477 10
248 2455 307 2478 nee
324 2445 422 2477 litore
439 2450 532 2477 tenuo
546 2445 734 2477 adcrescere
749 2451 809 2477 aut
830 2446 998 2478 resorberi.

83 2528 86 2530 .
144 2489 199 2522 net
213 2491 311 2529 euim:
351 2490 495 2522 ‘Albanae
518 2492 596 2522 arcis
612 2491 777 2531 parietibus
793 2491 1002 2523 continebatur

144 2535 273 2568 necdum
295 2537 328 2568 in
351 2537 434 2567 curia
455 2536 656 2567 audiebatur’.
704 2536 749 2569 ef.
773 2538 852 2568 Ann.
877 2536 927 2567 111.
955 2539 996 2569 54

144 2580 234 2613 inea
250 2580 387 2614 Italiam
398 2581 650 2613 dominantibus.
677 2584 717 2613 72
732 2587 824 2614 tanta
836 2583 889 2614 vie
900 2591 998 2614 unum

143 2626 238 2661 ima
252 2626 404 2659 damnum
418 2627 558 2659 stetisset
565 2637 579 2667 ,-
595 2628 665 2660 coll.
675 2629 728 2661 75.
753 2627 802 2658 lv.
816 2629 846 2659 7.
863 2628 930 2659 xn.
945 2629 997 2660 53.

187 2670 351 2703 Albanam
365 2670 495 2710 arcemJ.
520 2672 578 2704 Dio
595 2672 710 2704 van.
731 2675 743 2703 1
765 2671 862 2703 τοῦτο
879 2669 941 2727 γὰξ
959 2670 996 2703 τὸ

143 2723 151 2730 ·
169 2712 266 2758 ωρίον
299 2711 362 2746 ὕπὸ
387 2711 424 2746 τὸ
450 2709 525 2758 ὅρος
549 2713 585 2746 τὸ
618 2712 790 2759 Ἀλβανόν,
820 2712 875 2759 ἀφ’
899 2727 997 2760 correp

91 2788 106 2799 „
144 2724 248 2798 έῦτως
280 2755 478 2802 ὠνομάσθη,
516 2757 552 2792 ὂν
577 2757 687 2805 ὥσπερ
721 2757 790 2793 τινὰ
820 2758 997 2805 ἀκρόπολιν

106 2816 113 2842 2>
145 2800 292 2843 ἕξιίλετο.
338 2807 402 2839 Iuv.
421 2809 452 2844 4,
478 2808 540 2839 145
562 2818 711 2847 proceres
737 2825 772 2830 —
799 2819 876 2848 quos
900 2810 997 2840 Alba-

146 2859 221 2886 m
236 2851 303 2884 dum
318 2862 454 2893 maanus
475 2852 512 2884 in
527 2862 632 2884 arcem
655 2854 815 2886 Irascor-at
835 2855 998 2887 attonitos.

123 2898 139 2922 ’π
239 2907 256 2929 e
278 2918 288 2928 .
304 2898 356 2930 IV.
381 2899 432 2932 11,
452 2899 481 2930 6.

146 2907 388 2984 ’ἵημεσῑίηῇ
413 2943 535 2975 Dehoc
551 2944 684 2975 delatore
701 2945 776 2976 Plin.
794 2955 842 2985 ep.
857 2946 905 2975 lv.
916 2948 968 2981 22,
980 2946 998 2975 6

154 2980 272 3023 Ἧι
285 2998 388 3019 nermo
404 2987 444 3019 de
464 2987 593 3021 Catullo
608 2989 796 3029 Messalino,
823 2991 881 3030 qui
905 2991 1000 3021 lumi-

153 3025 247 3063 833'-
264 3032 402 3066 ,ονόαεηε
429 3033 563 3074 ἱηροπίο
588 3044 683 3067 saevo
710 3035 800 3066 mala
828 3036 1002 3067 caecitatis

153 3070 427 3155 :afficiar-ron
442 3079 620 3132 verebatur,
636 3090 700 3155 zon
711 3081 923 3156 ‘J‘b‘wffla‘’
941 3091 1003 3111 non

154 3170 194 3193 a.
209 3161 286 3204 ια..
301 3147 381 3206 μ’.
390 3133 630 3208 fflgtffi‘az
646 3135 1003 3210 0313?ssssssssssssss

159 852 161 854 .
279 827 309 856 1.
324 825 450 856 elusum
467 827 502 856 A.
530 841 567 846 —
595 827 624 856 3.
646 824 749 856 Carus
766 825 885 856 Metius
907 826 1086 856 Rhenanus:
1117 825 1235 856 charus
1252 821 1377 864 (clarus
1394 823 1431 868 B)
1447 826 1561 857 mitius
1578 828 1603 857 A
1619 826 1662 863 B3
1690 826 1744 856 sed
1761 826 1896 857 Mettius

140 868 197 915 Al.
213 883 247 913 in
261 871 288 913 Ᾰ
303 891 453 922 suprascr.
478 892 516 913 m.
538 884 551 912 l
577 885 607 912 et
633 881 757 912 Charus
782 881 915 912 Mettius
938 882 968 911 in
991 883 1090 913 indice
1112 884 1147 913 Α.
1171 897 1215 903 —-
1243 882 1359 912 villam
1374 883 1401 913 A
1416 883 1447 913 in
1465 893 1558 922 marg.
1590 899 1619 903 -—
1643 885 1673 914 4.
1692 881 1758 912 iam
1775 891 1834 913 om.
1852 882 1894 919 B;

126 938 323 970 *etiamtum
338 939 367 970 J.
384 939 433 971 Fr.
450 940 581 971 Gronov.
601 954 645 960 —
663 940 693 969 5.
713 939 908 969 Mam-icium
925 939 1154 978 Rusticumque
1178 934 1395 980 divisimus]
1411 939 1443 969 in
1460 948 1568 978 marg.:
1591 939 1731 971 maurici
1748 939 1894 970 Rustici-

141 995 308 1035 quevim
323 996 350 1026 Δ
365 996 400 1037 Β,
418 996 529 1035 quibus
545 995 736 1027 Henrichsen
755 995 826 1026 addi
841 996 907 1026 vult
922 996 1064 1027 horrore.

1044 1178 1062 1207 5
1087 1176 1304 1208 calumniator
1319 1179 1532 1220 praecipuus,
1559 1194 1602 1200 —
1627 1179 1808 1218 iurgiorum
1831 1178 1897 1210 dis-

1042 1227 1186 1261 ceptator
1202 1227 1232 1253 ct
1247 1222 1484 1255 scientissimus
1500 1229 1531 1255 et
1539 1223 1840 1265 frequentissimus.

1089 1279 1198 1309 Massa
1223 1279 1389 1318 Baebiu8J.
1427 1281 1456 1311 Is
1480 1290 1602 1321 qnoque
1625 1282 1741 1312 delator
1755 1282 1824 1312 fuit.
1852 1282 1898 1312 De

1043 1334 1078 1354 eo
1092 1324 1128 1354 H.
1144 1324 1194 1355 IV.
1209 1325 1250 1355 50
1264 1334 1300 1355 ex
1313 1335 1391 1356 anno
1404 1336 1434 1366 p.
1450 1327 1521 1358 Chr.
1538 1328 1594 1357 70:
1612 1327 1756 1358 Baebius
1771 1328 1896 1366 Mansa,

1044 1380 1060 1400 e
1071 1370 1341 1409 procuratoribus
1357 1372 1507 1413 Africae,
1524 1372 1591 1402 iam
1608 1377 1683 1403 tunc
1698 1372 1816 1412 optimo
1831 1372 1898 1403 cui-

1045 1425 1104 1455 que
1122 1415 1280 1447 exitiosus
1307 1421 1337 1447 et
1359 1416 1448 1448 inter
1475 1427 1594 1448 causae
1620 1417 1787 1457 malorum,
1817 1427 1898 1458 quae

1043 1470 1114 1492 mox
1131 1460 1273 1500 tulimus,
1292 1462 1424 1502 saepius
1439 1462 1617 1494 reditur-ua.

1090 1517 1180 1556 tumJ.
1221 1519 1380 1558 Baebium,
1405 1520 1457 1559 qui
1480 1529 1499 1550 a
1521 1520 1674 1560 provincia
1696 1520 1824 1557 Baetica,
1851 1520 1899 1550 cui

1045 1566 1167 1594 senatus
1191 1567 1334 1603 patronos
1359 1565 1482 1596 dederat
1503 1565 1632 1596 Plinium
1657 1567 1687 1595 et
1702 1565 1899 1596 Senecionem

1045 1604 1135 1650 (Plin.
1153 1619 1199 1649 ep.
1217 1609 1270 1641 ΠΙ.
1288 1611 1319 1651 4,
1335 1612 1365 1640 4.
1390 1610 1441 1642 vl.
1455 1611 1508 1647 29,
1523 1612 1554 1642 8.
1578 1611 1644 1641 vn.
1660 1609 1726 1649 33),
1743 1614 1899 1644 accusatus

1045 1658 1075 1684 et
1090 1655 1247 1686 damnatus
1264 1658 1318 1691 est,
1344 1655 1392 1686 hic
1408 1656 1492 1686 locus
1516 1657 1607 1687 docet
1621 1666 1648 1688 a.
1667 1657 1719 1693 93,
1744 1665 1804 1695 quo
1821 1666 1900 1686 anno

1044 1701 1183 1738 Agricola
1198 1704 1333 1731 mortuns
1356 1704 1417 1737 est,
1442 1711 1526 1732 reum
1551 1702 1691 1739 (necdum
1714 1697 1899 1743 damnatum)

1044 1745 1148 1776 fuisse.
1185 1746 1246 1776 Nec
1261 1746 1338 1776 bene
1354 1747 1477 1778 Poteras
1500 1748 1542 1784 id,
1567 1748 1651 1787 quod
1665 1748 1698 1778 in
1714 1748 1781 1778 cod.
1802 1749 1827 1777 A
1844 1750 1898 1784 est,

1045 1791 1111 1821 iam
1126 1795 1204 1830 tum,
1223 1791 1367 1823 defendit.
1398 1793 1480 1823 Dicit
1495 1794 1574 1824 enim
1590 1793 1735 1829 Tacitum,
1752 1795 1786 1823 nt
1802 1796 1898 1823 osten-

1044 1838 1137 1874 deret,
1163 1846 1252 1877 quam
1277 1841 1446 1877 opportuno
1469 1841 1604 1878 tempore
1628 1848 1713 1870 socer
1733 1848 1805 1869 suus
1823 1849 1897 1869 mor-

1043 1886 1114 1913 tuus
1130 1885 1218 1918 esset,
1244 1883 1362 1914 duobus
1378 1884 1466 1914 malis
1481 1887 1544 1914 tum
1561 1885 1691 1924 primum
1707 1885 1898 1915 nascentibus

1043 1928 1172 1959 necdum
1184 1928 1294 1958 adultis
1312 1926 1416 1966 (Metio
1433 1929 1508 1960 Caro
1524 1930 1663 1960 nimirum
1680 1933 1711 1960 et
1723 1928 1898 1966 Messalino)

1044 1974 1216 2004 adiunxisse
1232 1974 1362 2010 tertium,
1387 1975 1479 2014 quod,
1505 1985 1572 2006 enm
1588 1978 1677 2006 antea
1691 1975 1799 2006 fuisset
1814 1976 1897 2006 exiti-

1045 2020 1224 2052 osissimum.
1249 2020 1308 2049 iam
1331 2022 1394 2050 tum
1419 2023 1558 2060 coeptum
1575 2023 1654 2051 esset
1669 2021 1789 2061 reprimi
1813 2018 1898 2060 (Bae-

1044 2065 1127 2095 bium
1152 2061 1303 2102 Massam).
1339 2065 1379 2095 At
1401 2065 1502 2096 nullus
1518 2065 1568 2096 hic
1591 2066 1675 2097 locus
1697 2066 1756 2096 fuit
1771 2075 1898 2096 comme-

1044 2110 1180 2140 morandi
1197 2109 1349 2146 delatoris,
1375 2111 1460 2141 cuius
1476 2112 1612 2150 potentia
1626 2114 1698 2142 tunc
1713 2112 1841 2151 primum
1858 2112 1899 2141 la·

1044 2155 1115 2185 bare
1131 2155 1290 2194 coepisset,
1314 2165 1383 2186 mox
1398 2156 1489 2195 plane
1512 2166 1616 2187 eversa
1632 2160 1720 2187 esset.
1756 2157 1900 2196 Proponit

1045 2201 1124 2230 enim
1148 2200 1267 2231 Tacitus
1292 2201 1430 2241 exempla
1451 2201 1618 2232 futurorum
1643 2203 1798 2239 malorum,
1824 2211 1901 2242 qnae

1046 2255 1129 2276 socer
1156 2255 1229 2276 suus
1254 2247 1478 2286 opportunitate
1504 2248 1608 2278 mortis
1637 2248 1781 2286 effugerit.
1819 2247 1901 2285 Quae

1046 2300 1114 2321 cum
1129 2300 1245 2321 summa
1261 2291 1300 2321 sit
1311 2293 1475 2322 sententiae
1491 2292 1582 2323 huius
1593 2293 1661 2329 loci,
1679 2303 1714 2323 ea
1725 2294 1791 2333 ipsa
1803 2293 1900 2329 docet,

1046 2335 1187 2366 Baebium
1205 2336 1332 2367 Massam
1348 2338 1374 2367 si
1389 2347 1451 2368 non
1463 2338 1615 2379 maiorem,
1631 2341 1662 2368 at
1675 2339 1755 2369 certe
1770 2347 1831 2368 non
1847 2339 1900 2368 mi-

1046 2391 1148 2412 norem
1172 2382 1336 2421 potentiam
1367 2386 1438 2422 post
1464 2383 1686 2414 damnationem
1708 2392 1902 2424 recuperasse

1046 2435 1171 2467 eamque
1188 2428 1229 2457 ita
1245 2428 1425 2468 exercuisse,
1441 2431 1475 2459 nt
1490 2431 1552 2458 tum
1569 2438 1690 2468 quoque
1707 2429 1822 2468 optimo
1840 2429 1901 2459 cui-

1045 2481 1104 2511 que
1121 2472 1210 2502 exitio
1227 2475 1315 2508 esset,
1333 2482 1368 2503 eo
1385 2476 1483 2503 autem
1499 2474 1566 2513 ipso
1582 2477 1727 2514 tempore,
1745 2483 1805 2514 quo
1817 2475 1901 2513 Agri-

1046 2518 1111 2548 cola
1127 2521 1261 2548 mortuus
1278 2521 1334 2557 est,
1358 2519 1546 2550 accusatione
1562 2521 1593 2549 et
1608 2519 1806 2555 damnatione,
1824 2528 1902 2559 quae

1045 2562 1188 2603 deinceps
1205 2566 1307 2593 secuta
1323 2567 1376 2596 ost.
1392 2564 1558 2604 paullisper
1573 2565 1735 2604 potentiam
1753 2565 1819 2595 eina
1836 2573 1902 2595 esse

1045 2617 1220 2647 repressam,
1247 2611 1281 2638 ut
1305 2618 1374 2648 spes
1398 2618 1463 2640 esse
1486 2610 1638 2640 videretur
1662 2606 1754 2650 (qnae
1778 2609 1900 2649 quidem

1045 2661 1114 2692 spes
1130 2653 1298 2691 Agricolam
1314 2653 1437 2694 fefellit)
1453 2664 1518 2685 eam
1534 2664 1595 2684 non
1611 2658 1853 2685 resurrecturam.

1091 2708 1245 2748 nostraeJ,
1262 2713 1442 2741 senatorum.
1481 2711 1555 2741 Nam
1572 2713 1691 2740 senator
1706 2714 1768 2741 tum
1785 2711 1899 2742 iamdu-

1046 2754 1116 2784 dum
1132 2754 1190 2785 fnit
1205 2754 1334 2795 Tacitus,
1359 2765 1424 2786 cum
1441 2759 1560 2795 praetor
1576 2759 1691 2786 creatus
1707 2759 1786 2786 esset
1801 2766 1828 2787 a.
1846 2757 1900 2788 88.

1093 2809 1308 2847 HelvidiumJ.
1368 2811 1525 2842 Helvidius
1554 2811 1689 2852 Priscus,
1715 2811 1797 2842 filius
1824 2813 1898 2848 eius,

1046 2856 1131 2886 cuius
1158 2856 1339 2886 mentionem
1363 2856 1435 2886 facit
1459 2866 1483 2886 c.
1503 2858 1534 2895 2,
1563 2857 1595 2886 in
1618 2860 1723 2887 senatu
1747 2860 1903 2888 accusatus

1046 2901 1148 2940 ibique
1160 2901 1187 2930 ei
1200 2909 1305 2931 manus
1317 2901 1443 2932 iniectae
1459 2904 1558 2932 sunta
1569 2901 1701 2932 Publicio
1711 2901 1809 2933 Certo.
1827 2903 1902 2934 Plin.

1048 2955 1095 2984 ep.
1119 2945 1168 2976 lx.
1196 2947 1247 2983 13,
1276 2946 1295 2975 2
1329 2946 1416 2976 inter
1446 2945 1549 2977 multa
1579 2946 1702 2977 scelera
1733 2947 1903 2979 multorum

1048 2990 1173 3020 nullum
1183 2990 1327 3020 atrocius
1338 2989 1517 3031 videbatur,
1534 3000 1629 3030 quam
1641 2990 1726 3030 quod
1740 2991 1776 3022 in
1787 2998 1901 3024 uenatu

1047 3040 1179 3066 senator
1195 3034 1347 3070 senatori.
1363 3036 1551 3074 praetorius
1572 3036 1750 3076 consulari,
1774 3047 1828 3069 reo
1850 3038 1903 3069 in-

1049 3079 1110 3111 dex
1126 3089 1239 3110 manus
1257 3079 1433 3111 intulisset.
1466 3081 1550 3112 Suet.
1569 3081 1656 3112 Dom.
1679 3083 1717 3111 10
1734 3082 1857 3114 occidit
1872 3088 1904 3114 et

1051 3124 1240 3156 Helvidium
1248 3123 1372 3163 filium,
1392 3126 1487 3164 quani
1499 3126 1623 3157 scenico
1634 3126 1747 3157 eoeodio
1758 3128 1815 3158 rub
1829 3138 1901 3167 per-

1050 3178 1128 3200 sona
1145 3168 1282 3199 Paridis
1305 3174 1335 3200 ct
1357 3169 1497 3201 Oenone·
1519 3170 1698 3202 divortium
1721 3181 1812 3203 auum
1835 3182 1904 3204 cum

156 3210 220 3246 *Νι
237 3208 276 3240 ⁸⁸⁸
289 3211 438 3250 opimum
454 3223 607 3255 quemque
624 3216 900 3255 contorquebatur.
939 3216 1002 3247 inv,
1050 3224 1151 3245 uxore
1167 3218 1320 3245 maeret.

153 3252 184 3286 4,
199 3253 263 3283 no
275 3253 313 3285 de
329 3256 450 3289 οοᾱοιιιε
481 3259 608 3299 arande
624 3265 656 3291 et
672 3260 880 3299 consp-‘ouum
896 3265 1004 3291 nostro

1097 3259 1279 3290 Mauricum
1306 3256 1564 3301 Brontemque}
1611 3260 1656 3291 De
1684 3261 1807 3292 Rustico
1829 3271 1854 3291 c.
1872 3263 1902 3292 2.

153 3305 278 3336 9¹¹⁰q⁹²
300 3304 434 3341 tmpore
455 3310 638 3335 monstrum.
670 3308 740 3335 Aur.
760 3305 833 3334 Vict,
852 3304 931 3343 Epit.
954 3306 1002 3338 12.
1026 3305 1030 3342 1
1052 3304 1122 3344 Eius
1139 3304 1238 3337 frater.
1259 3305 1360 3334 lunius
1379 3305 1537 3344 Mauricus,
1562 3315 1579 3335 a
1598 3306 1768 3336 Domitiano
1794 3307 1901 3344 relega-
