2176 3672
851 214 954 271 Gap.
983 216 1054 257 44.
1075 216 1147 257 45.

1842 220 1893 261 81

137 332 385 395 emergentis
425 329 554 374 audiri
594 329 829 385 formasque
871 325 1040 370 deorum
1088 330 1130 370 et
1171 327 1303 370 radios
1340 329 1482 386 capitis
1523 329 1649 387 aspici
1689 331 1900 387 persuasio

134 411 271 470 asnit.
298 409 395 453 illuc
423 421 571 465 usque,
603 410 646 450 et
675 406 792 450 fama
811 418 925 459 vera,
948 407 1107 447 tantum
1136 408 1293 449 natura.
1318 420 1418 463 ergo
1448 407 1529 450 iam
1558 406 1707 449 dextro
1738 406 1901 451 Suebici

131 487 258 537 nuris
292 471 688 530 litore'Aestioi-lim
725 486 872 540 gentes
907 481 1156 537 adluuntur3
1194 483 1339 538 quibus
1376 484 1477 526 ritus
1512 484 1757 541 habitusque
1798 479 1900 528 Sue-

44 562 300 627 giorum,
350 563 490 620 lingua
527 561 788 605 Britannicae
836 559 1018 617 propior.

1061 563 1235 602 matrem
1278 559 1400 602 deum
1438 566 1698 604 venerantur.
1740 562 1900 618 insigne

138 641 440 701 superstitionis
477 640 630 683 formas
665 651 858 695 aprorum
893 639 1087 693 gestant:
1125 635 1166 678 id
1202 650 1278 693 pro
1315 637 1436 679 armis
1474 638 1734 695 omniumque
1775 639 1930 682 tutelas

138 732 328 764 securum
363 717 466 761 deae
503 718 701 759 cultorem
737 715 862 758 etiam
897 715 1005 756 inter
1039 713 1171 756 hostis
1201 717 1397 771 praestat.
1426 729 1539 758 rarus
1569 715 1686 770 ferri,
1707 715 1902 772 fiequens

136 778 306 843 fustium
343 809 456 838 usus.
499 795 704 838 frumenta
749 795 994 848 ceterosque
1039 791 1196 833 fructus
1243 790 1462 847 patientius
1503 806 1625 849 quam
1669 806 1744 850 pro
1785 793 1904 835 solita

139 871 440 917 Germanorum
478 872 626 915 inertia
660 870 859 914 laborant.
904 868 979 912 sed
1017 872 1060 911 et
1094 882 1206 911 mare
1243 872 1492 924 scrutantur,
1530 883 1577 912 ac
1613 869 1689 911 soli
1725 870 1904 912 omnium

137 950 336 1006 sucinum,
359 949 468 1008 quod
496 949 576 1007 ipsi
606 949 767 1006 glesum
798 950 958 1001 vocant,
986 947 1094 989 inter
1123 944 1227 988 vada
1251 948 1375 1002 atque
1405 945 1447 987 in
1477 946 1567 1002 ipso
1597 946 1716 988 litore
1746 946 1902 1003 legunt.

136 1041 216 1071 nec
240 1041 346 1086 quae
372 1031 518 1071 natura
543 1040 702 1084 quaeve
728 1025 831 1068 ratio
859 1024 1014 1082 gignat,
1040 1022 1306 1078 ubbarbariffi
1329 1023 1558 1080 quaesitum
1585 1028 1903 1080 compertumve.
1919 1041 1950 1065 ιο

137 1104 207 1149 diu
246 1105 344 1163 quin
387 1105 512 1148 etiam
552 1104 659 1146 inter
706 1106 846 1146 cetera
886 1102 1159 1144 eiectamenta
1197 1100 1321 1143 maris
1360 1100 1538 1155 iacebat,
1579 1100 1709 1143 donec
1747 1100 1907 1144 luxuria

241 1189 270 1217 1.
290 1184 486 1228 emerqenet's
509 1195 570 1216 om.
592 1185 628 1217 C.
651 1201 689 1207 —-
709 1184 842 1226 formas
865 1183 900 1215 O.
930 1182 1130 1232 [ονῃιᾳεᾳαε
1152 1191 1317 1231 ecl-uerum
1340 1183 1488 1222 Colerus,
1509 1184 1545 1214 Τ.
1567 1183 1682 1214 Faber.
1710 1182 1907 1225 formaeque

901 1232 1034 1255 suemcs

1101 1233 1230 1254 suevwz

140 1283 293 1317 decorem
306 1285 467 1318 Heinsius.
483 1302 522 1308 —
538 1288 568 1316 2.
582 1283 702 1316 adiicit
715 1285 744 1316 A
754 1285 781 1316 B
794 1283 830 1316 O.
844 1301 882 1307 -
897 1276 1030 1314 sveuici
1043 1283 1080 1314 B.
1102 1282 1232 1314 suevici
1246 1285 1275 1314 A
1287 1283 1322 1315 C.
1348 1283 1494 1315 suionici
1507 1283 1671 1325 margossA.
1687 1301 1725 1307 —
1741 1286 1769 1315 3.
1786 1282 1907 1315 aestio·

334 1325 399 1367 ella

137 1377 214 1400 rum
226 1368 256 1400 A
267 1368 303 1402 G.
325 1367 484 1399 estiorum
497 1369 535 1399 B.
551 1385 589 1391 --
608 1365 798 1398 adluuntur
813 1367 848 1397 C.
871 1364 1058 1413 abluuntur¹
1071 1366 1148 1412 A'B.
1166 1384 1203 1389 —-
1220 1376 1402 1398 suevorum
1417 1368 1522 1399 ABC.
1539 1385 1575 1390 -—
1601 1371 1628 1398 6.
1645 1347 1725 1398 ¹estis
1740 1368 1776 1399 B.
1799 1365 1908 1398 hostes

137 1410 214 1441 AO.
235 1426 274 1433 —
296 1412 325 1440 9.
345 1408 501 1440 sucinum
522 1409 552 1440 A
565 1409 600 1440 Ο.
621 1408 800 1440 succinum
820 1409 858 1440 B.
881 1425 919 1431 —
945 1410 993 1439 10.
1014 1412 1123 1450 yvqnzc
1145 1409 1179 1440 C.

136 1487 259 1521 rung,
291 1477 382 1509 eines
413 1476 674 1521 gerduschu
704 1477 905 1518 verbinden,
939 1477 1001 1510 das

137 1522 203 1557 den
221 1523 417 1568 sehwinqen
437 1523 493 1556 des
507 1523 686 1558 nalzenden
708 1524 866 1569 tayboten
887 1524 1002 1568 ὑεῖ-ςε-

137 1581 266 1604 maten
285 1571 419 1604 werden
440 1571 532 1614 durs,
554 1571 638 1604 aber
659 1584 724 1605 uris
739 1583 844 1617 soyar
864 1584 908 1606 zu
929 1572 1002 1606 dem

139 1616 299 1651 wchseeu
325 1623 396 1662 9⁰⁸⁶
420 1618 537 1662 lilkrt,
565 1619 683 1653 dessen
710 1621 834 1654 waleen
862 1621 915 1654 die
936 1621 1003 1663 lust

139 1665 351 1700 erse-luituri.
392 1669 525 1700 Inversa
552 1671 734 1702 narratione
763 1670 803 1702 de
835 1671 1001 1703 occidente

138 1715 208 1749 sole
237 1716 324 1748 inter
352 1716 541 1756 Hispaniam
573 1720 606 1748 et
638 1717 779 1748 Africam
809 1719 1001 1750 Posidonius

137 1762 223 1803 apud
245 1763 347 1794 Str-ab.
376 1765 406 1802 3,
430 1766 464 1794 1:
496 1760 612 1802 μείζω
647 1756 772 1794 δύνειν
798 1758 866 1795 τὸν
891 1756 1001 1806 ἥλιον

138 1803 181 1838 ἐν
205 1805 252 1851 τῇ
280 1805 572 1852 παρωκεανίτιδι
602 1805 700 1850 μετὰ
728 1804 891 1851 ψόφου,
928 1819 1001 1842 πα-

138 1850 358 1898 ραπλησίως
375 1849 516 1887 &aava
534 1854 706 1897 σίζοντος
726 1856 795 1889 τοῦ
814 1851 1002 1901 πελάγους

138 1896 236 1934 κατὰ
260 1898 397 1941 σβέσιν
421 1898 542 1934 αὐτοῦ
567 1899 630 1935 διὰ
662 1900 707 1936 τὸ
725 1903 923 1947 ἐμπίπτειν
948 1906 1001 1947 εἰς

137 1943 206 1982 τὸν
229 1944 366 1988 βυθόν.
402 1954 511 1985 Iuven.
528 1957 577 1993 14,
594 1957 670 1986 208:
694 1953 818 1987 Audiet
833 1954 1000 1987 Herculeo

136 1996 330 2030 stridentem
350 1999 486 2042 gurgite
508 1999 621 2032 solem.
651 2003 816 2034 ORELLI.
850 2004 1000 2035 Sed‘non

139 2046 347 2078 omittendum
361 2050 420 2085 est,
442 2049 586 2079 Tacitum
609 2050 643 2080 h.
663 2051 685 2080 1.
706 2060 772 2081 non
787 2051 827 2082 de
842 2052 910 2082 sole
928 2053 998 2082 tan-

138 2101 233 2133 quam
253 2094 352 2134 globo
363 2095 471 2134 igneo,
492 2105 600 2126 verum
622 2097 662 2128 de
678 2097 753 2128 Sole
767 2101 917 2138 tanquam
938 2099 999 2129 deo

137 2139 236 2179 loqui.
257 2157 296 2163 —
315 2140 447 2181 formas
470 2140 621 2183 deorum]
652 2144 686 2175 Si
706 2145 790 2176 bene
811 2154 846 2176 se
868 2146 1001 2177 haberet

137 2186 219 2218 haee
244 2188 397 2220 librorum
423 2190 536 2228 lectio,
565 2192 694 2230 poetica
720 2193 890 2223 statuenda
912 2196 1000 2224 esset

136 2235 352 2275 paraphrasis,
380 2239 416 2268 ut
442 2237 535 2269 Ovid.
567 2239 643 2270 Met.
670 2241 699 2277 1,
728 2241 778 2270 73.
821 2240 885 2272 Sed
912 2244 998 2272 recte

133 2281 202 2320 jam
223 2283 375 2323 Colerus,
403 2285 440 2316 Τ.
461 2286 577 2324 Faber,
605 2287 758 2319 Heinsius
784 2288 933 2319 viderunt
959 2289 999 2319 de

136 2328 280 2369 pluribus
294 2330 364 2362 deis
375 2331 440 2362 h.1.
455 2332 601 2364 Tacitum
616 2335 758 2374 cogitare
776 2344 841 2366 non
855 2336 999 2375 potuisse

135 2378 232 2418 atque
252 2378 307 2409 hio
325 2377 523 2421 formaeque
545 2378 709 2419 decorem,
737 2383 783 2413 illi
802 2381 999 2425 formasque

109 2423 111 2425 ’
138 2433 300 2467 equorum
320 2426 492 2467 legendum
514 2432 717 2459 censuerunt.
772 2430 856 2466 Quid
875 2431 1000 2462 Heinsii

137 2473 314 2505 sententiae
331 2474 484 2512 abstaret,
505 2477 655 2515 exposuit
673 2477 858 2518 Nipperdey
872 2479 906 2509 in
919 2488 999 2510 mus.

137 2519 241 2551 Rhen-
261 2520 312 2551 1.1.
342 2522 386 2553 Ut
406 2522 443 2553 F.
464 2523 503 2553 A.
524 2523 640 2561 Wolff,
670 2525 739 2564 ipse
761 2526 946 2566 Nipperdey
969 2530 1001 2558 et

137 2565 198 2597 Th.
217 2567 327 2608 Bergk
365 2569 455 2606 (mus.
477 2570 553 2608 Rh.)
590 2580 660 2602 cum
692 2572 808 2604 Colero
836 2576 869 2604 et
893 2575 999 2605 Fabro

136 2613 268 2653 faciunt,
289 2617 322 2646 et
335 2625 449 2647 revera
463 2626 576 2656 parum
586 2619 813 2660 intellegimus,
829 2630 885 2652 cur
901 2621 999 2652 Orelli

134 2660 334 2692 arbitrariam
354 2663 438 2694 hanc
460 2665 674 2696 coniecturam
702 2667 836 2706 dixerit,
865 2677 936 2699 cum
959 2669 998 2699 de

137 2705 226 2740 Solis
248 2708 344 2751 equis
375 2710 514 2742 fabulam
542 2712 647 2744 fletam
670 2723 743 2745 esse
768 2715 937 2746 admodum
959 2716 1001 2747 sit

137 2758 394 2788 oonsentaneum.
428 2757 575 2790 Ceterum
593 2761 702 2800 Bergk
723 2771 781 2801 pro
804 2762 999 2804 emergentis

138 2802 205 2833 sive
218 2804 396 2845 mergentis
419 2806 486 2836 sive
502 2804 724 2850 immergente}-
738 2810 910 2849 legendum
931 2811 999 2841 exi·

138 2849 286 2888 stirne-it,
307 2853 393 2892 quod
414 2862 471 2884 cur
492 2855 662 2894 probemus
679 2856 764 2887 haud
786 2858 866 2888 satis
885 2866 999 2888 causae

136 2899 197 2928 est.
212 2913 250 2920 -
262 2899 442 2939 persuasio
459 2899 575 2943 adicit]
599 2903 682 2935 Satis
703 2904 821 2935 docent
843 2905 923 2936 haec
938 2915 1000 2943 vv„

137 2944 283 2976 Tacitum
302 2946 420 2978 fabulis
447 2948 541 2979 fideni
568 2959 634 2980 non
661 2951 790 2982 habere.
821 2969 858 2974 -
882 2950 999 2982 radios

137 2991 277 3034 eapitis]
302 2993 354 3024 Sic
374 2995 407 3025 in
434 2996 612 3027 simulacris
633 2998 906 3030 Prilwitzensibus
929 2999 997 3029 Sla-

136 3049 246 3071 vorum
267 3040 353 3072 idola
374 3042 490 3081 Per-un,
511 3044 654 3085 Podaga,
669 3046 778 3076 Nemis
801 3046 921 3076 radiata
941 3046 997 3075 ha—

137 3086 214 3118 bent
234 3089 349 3128 capita.
373 3090 428 3121 Gr.
449 3087 495 3120 M.
517 3100 547 3130 p.
571 3093 642 3122 300.
664 3109 702 3116 —
726 3097 756 3123 ec
777 3093 877 3134 fama
902 3092 996 3130 rera]

141 3133 312 3174 „Loquitur
333 3139 368 3166 ut
388 3137 550 3177 physicus,
565 3139 623 3169 sed
644 3139 728 3170 illius
743 3140 824 3177 aevi,
847 3140 900 3179 qui
922 3148 996 3169 cen-

139 3180 252 3213 cebant
273 3183 436 3214 Oceanum
457 3185 552 3216 finem
574 3195 689 3225 rerum,
711 3196 816 3225 neque
841 3187 920 3216 ultra
941 3194 996 3215 na-

139 3229 242 3260 turam
269 3229 363 3268 (hanc
391 3231 536 3272 inferam)
566 3236 670 3265 esse.“
716 3235 805 3265 Lu’s.
838 3234 915 3272 Agr.
948 3232 996 3260 33.

137 3274 303 3307 Britannia
328 3281 500 3311 terrarum
529 3288 572 3310 ae
604 3285 750 3312 naturae
774 3279 851 3319 finis
874 3279 995 3309 dicitur.

137 3323 250 3353 Avitus
280 3325 314 3355 in
348 3326 460 3359 Senes.
493 3328 621 3361 Suasor.
657 3331 691 3359 1:
722 3326 778 3358 ltu
807 3331 854 3356 est
882 3334 994 3355 rerum

191 3382 303 3409 Tacitus
322 3385 359 3410 11.

1048 1483 1199 1510 natura:
1217 1483 1294 1521 post
1315 1478 1429 1510 omnia
1453 1477 1622 1518 Oceanus,
1639 1483 1717 1522 post
1736 1477 1908 1511 Oceanum

1049 1524 1144 1557 nihil.
1170 1527 1319 1558 Ceterum
1329 1528 1476 1558 Walther
1487 1528 1692 1567 parenthesin
1708 1528 1793 1558 haud
1806 1537 1908 1568 agno-

1049 1584 1159 1606 scens:
1180 1573 1265 1606 illuc
1287 1584 1394 1616 usque
1416 1579 1446 1605 ee
1465 1575 1564 1616 fama
1586 1584 1669 1606 vera
1690 1579 1820 1606 lantum
1841 1583 1907 1605 ηα-

1049 1625 1129 1652 tura
1150 1625 1183 1653 et
1203 1632 1255 1654 vv.
1275 1622 1374 1663 fama
1403 1632 1486 1653 vera
1517 1632 1575 1663 pro
1597 1623 1692 1653 ablat.
1713 1623 1852 1660 habens,
1874 1624 1910 1653 ut

1049 1669 1090 1700 sit
1112 1679 1155 1699 ex
1173 1669 1272 1710 sama
1292 1671 1345 1701 vel
1367 1673 1542 1710 „quantum
1571 1671 1687 1700 scimus
1715 1679 1781 1700 non
1807 1670 1908 1700 solum

1049 1718 1144 1748 certis
1165 1719 1366 1756 auctoribus,
1396 1718 1452 1749 sed
1483 1718 1578 1749 etiam
1599 1718 1710 1755 fama,“
1740 1726 1798 1756 pro
1821 1719 1908 1748 certo

1049 1765 1176 1795 erravit.
1211 1766 1344 1796 Rectius
1359 1766 1516 1796 Bachius:
1541 1766 1668 1805 „Usque
1683 1765 1724 1796 ad
1738 1765 1824 1795 illum
1838 1767 1908 1795 tan-

1049 1813 1114 1842 tum
1135 1812 1232 1843 finem
1262 1813 1340 1852 (non
1363 1812 1514 1853 amplius)
1536 1814 1641 1852 pergit
1663 1815 1776 1843 natura
1795 1821 1908 1842 rerum.

1048 1859 1115 1889 Iam
1135 1869 1186 1890 vv.
1208 1860 1393 1899 parenthesi
1416 1860 1549 1891 inclusis
1571 1863 1602 1889 et
1620 1859 1720 1900 fama
1742 1867 1824 1889 vera
1845 1859 1907 1889 Ta·

1049 1907 1131 1937 citus
1153 1916 1243 1938 suam
1264 1917 1362 1947 super
1382 1908 1443 1938 hac
1463 1917 1498 1938 re
1522 1908 1704 1946 opinionem
1717 1906 1908 1945 pronuntiat,

1048 1954 1166 1993 quippe
1189 1955 1243 1994 qui
1264 1956 1334 1994 ipse
1350 1955 1477 1995 quidem
1498 1955 1569 1985 illas
1584 1955 1734 1994 regiones
1755 1963 1819 1984 non
1834 1962 1906 1992 per-

1047 2001 1238 2039 lustraverit,
1261 2002 1318 2033 sed
1332 2003 1442 2033 auditu
1458 2003 1654 2042 cognoverit,
1676 2002 1720 2031 ita
1739 2002 1775 2030 ut
1794 2000 1909 2030 famam

1047 2057 1154 2079 veram
1169 2050 1348 2080 habendam
1363 2059 1435 2081 esse
1451 2053 1605 2087 censeret,
1618 2048 1789 2089 Agricolae
1805 2047 1907 2078 soceri

1047 2096 1199 2135 imprimis
1221 2098 1283 2129 fide
1306 2099 1409 2135 nisus,
1432 2101 1467 2128 ut
1487 2100 1575 2136 patet
1597 2107 1637 2128 ex
1658 2098 1735 2136 Agr.
1758 2098 1814 2126 33:
1847 2104 1908 2126 nce

1047 2140 1227 2184 inglorium
1246 2144 1352 2185 fuerit
1375 2144 1409 2175 in
1430 2144 1503 2185 ipso
1519 2148 1688 2174 terrarum
1704 2153 1746 2174 ac
1762 2147 1907 2173 naturae

1044 2188 1111 2229 fine
1134 2189 1325 2222 cecidisse.“
1355 2192 1421 2223 OB.
1446 2191 1539 2222 Haud
1561 2200 1683 2222 errasse
1705 2191 1797 2221 nobis
1819 2190 1906 2220 Wal-

1046 2238 1118 2268 ther
1139 2238 1274 2277 videtur,
1303 2239 1398 2269 modo
1420 2239 1480 2268 hoc
1502 2238 1611 2275 addas,
1641 2246 1757 2268 veram
1775 2236 1907 2277 samam

1047 2286 1166 2324 opponi
1191 2287 1391 2326 persuasioni
1421 2287 1562 2324 proxime
1591 2288 1793 2316 memoratae.
1835 2285 1907 2314 Est:

1047 2330 1130 2362 illuc
1159 2343 1265 2374 usque
1296 2331 1441 2374 pertinet
1472 2336 1600 2362 παίω-(ι
1632 2336 1662 2362 ct
1694 2331 1793 2372 [απιᾶ
1826 2335 1907 2363 πει-ἆ

1047 2383 1186 2410 tantum.
1203 2379 1262 2420 (so
1278 2378 1353 2417 viel,
1374 2389 1409 2409 so
1425 2378 1519 2420 weil)
1538 2383 1584 2409 cst
1601 2389 1632 2409 η.
1655 2379 1704 2410 Cf.
1720 2380 1910 2410 Mffllenhoff

1046 2426 1086 2458 D.
1102 2428 1141 2457 A.
1156 2437 1187 2467 p.
1203 2429 1279 2458 404:
1302 2428 1351 2458 Ex
1366 2427 1503 2457 virorum
1523 2427 1686 2457 doctorum
1708 2427 1906 2462 coniecturis,

1048 2476 1161 2516 quibus
1173 2477 1258 2506 hunc
1272 2476 1377 2506 locum
1388 2485 1500 2507 sanare
1513 2477 1716 2513 temptarunt,
1727 2484 1820 2505 unam
1828 2475 1903 2513 Nip-

1048 2524 1180 2562 perdeyi
1192 2523 1394 2562 proferimus:
1406 2521 1516 2562 sama,
1525 2520 1614 2551 ultra
1626 2525 1755 2551 cantum
1769 2525 1904 2551 natura.

1050 2587 1087 2593 —-
1117 2568 1227 2611 Eryo]
1257 2571 1287 2600 h.
1317 2580 1366 2600 e.:
1397 2570 1481 2608 quod
1511 2572 1640 2599 naturae
1668 2569 1719 2598 hic
1747 2569 1818 2599 finis
1847 2570 1904 2603 est,

1048 2618 1121 2649 ideo
1144 2619 1319 2648 redeamus.
1336 2633 1372 2638 -—
1390 2614 1507 2645 ‹terrm›
1530 2632 1548 2637 ·-
1565 2632 1583 2637 —
1599 2613 1706 2654 litare]
1730 2619 1764 2644 ut
1779 2614 1902 2649 Strabo,

1052 2669 1078 2703 1,
1101 2668 1150 2703 67,
1174 2665 1266 2695 Ponti
1289 2666 1408 2694 tractus
1437 2663 1603 2692 orientales
1626 2654 1671 2690 τὰ
1688 2653 1792 2698 δεξιὰ
1807 2658 1903 2701 μέρη

1048 2704 1201 2742 Πόντου
1235 2714 1336 2742 vocnt.
1360 2728 1396 2733 -—
1420 2707 1621 2748 ,lvstrvm-nm]
1655 2709 1748 2739 hodie
1778 2706 1905 2746 Aisten,

1048 2758 1189 2791 Estlaen.
1212 2760 1274 2790 Cfr.
1297 2760 1395 2788 Zeuss
1421 2755 1459 2786 Ι).
1482 2766 1512 2795 p.
1537 2758 1594 2786 267
1625 2759 1662 2786 et
1685 2765 1715 2794 p.
1737 2757 1795 2784 667
1819 2764 1903 2794 sqq.;

1048 2809 1148 2840 Ukert
1173 2805 1210 2836 G.
1234 2817 1262 2844 p.
1286 2808 1354 2835 420.
1386 2804 1549 2834 Sohafarik
1579 2799 1764 2831 Slmrisclw
1787 2799 1903 2831 Alter-

1048 2854 1176 2886 elu'lmer
1198 2856 1221 2884 I.
1244 2864 1274 2892 p.
1296 2856 1365 2882 457.
1390 2860 1502 2881 nomen
1525 2851 1662 2888 explicat
1683 2847 1736 2879 die
1751 2850 1904 2878 esuriit-as

1056 2899 1276 2932 Wolmemlen.
1301 2900 1365 2928 ΟΠ.
1390 2898 1430 2927 Cf
1444 2898 1572 2932 Grimm,
1596 2898 1632 2926 G.
1643 2897 1680 2926 D.
1694 2896 1725 2926 S.
1747 2897 1818 2932 682,
1833 2897 1904 2933 ⁷17,

1048 2953 1117 2985 859,
1140 2948 1269 2986 Mythol.
1294 2948 1368 2981 194;
1392 2944 1580 2974 Mullenhoff
1593 2944 1625 2973 Ζ.
1639 2944 1675 2973 D.
1688 2944 1724 2973 A.
1747 2943 1803 2979 lx,
1826 2944 1903 2977 225„

1050 2994 1281 3032 Wackernagel
1299 2993 1337 3022 ib.
1362 2994 1430 3027 565,
1446 3000 1477 3020 n.
1494 2993 1562 3020 207.
1599 2991 1646 3020 De
1663 2991 1798 3019 nominis
1819 2989 1903 3028 apud

1048 3042 1191 3073 Tacitum
1222 3041 1321 3069 forma
1349 3038 1582 3067 accuratissime
1612 3038 1678 3075 egit
1705 3036 1903 3066 Miillenhofl'.

1046 3090 1087 3119 Et
1101 3089 1199 3118 Zeuss
1222 3089 1253 3115 ot
1276 3087 1297 3114 1.
1316 3085 1433 3114 Grimm
1456 3093 1571 3113 nomen
1595 3083 1722 3122 proprie
1739 3083 1902 3113 Germani·

1046 3145 1115 3165 cum
1135 3142 1207 3163 esse
1223 3133 1404 3162 existimant
1426 3135 1457 3161 et
1482 3129 1688 3159 reum-andos
1712 3130 1907 3169 significare.

1045 3184 1076 3212 in
1100 3191 1139 3211 ca
1159 3182 1262 3210 autem
1285 3188 1318 3208 re
1342 3179 1422 3207 inter
1450 3186 1484 3207 se
1508 3177 1713 3213 dissentiunt,
1743 3177 1827 3215 quod
1850 3176 1902 3205 ille

1045 3228 1172 3259 cosdem
1194 3235 1265 3255 esse
1287 3228 1407 3262 censet,
1429 3225 1481 3264 qui
1505 3227 1617 3263 postca
1632 3223 1779 3253 Lithuani
1800 3226 1833 3252 et
1848 3230 1901 3251 ve·

1045 3278 1128 3305 teres
1144 3273 1272 3303 Borussi
1298 3272 1508 3305 nominentur,
1521 3271 1571 3300 hio
1587 3278 1784 3308 summopere
1797 3268 1902 3298 studet

1045 3323 1193 3353 evincere
1216 3323 1344 3360 gentem
1367 3327 1440 3350 csse
1465 3320 1703 3349 Germanorum.
1726 3316 1902 3355 Diligenter

1648 3384 1668 3414 6
