2176 3672
825 264 936 320 Gap.
960 265 1000 308 7.
1030 265 1068 308 8.
1791 266 1870 309 163

116 384 280 423 certum
306 391 390 421 suo
418 391 473 421 an
508 378 688 420 militum
728 378 911 439 ingenio.
959 379 1018 420 ita
1047 393 1262 422 successor
1305 380 1430 422 simul
1469 385 1512 422 et
1556 381 1667 423 ultor
1711 381 1871 423 electus

116 453 347 501 rarissima*
373 450 662 498 moderatione
706 452 856 494 maluit
903 452 1039 495 videri
1090 453 1302 496 invenisse
1356 453 1487 496 bonos
1534 467 1662 510 quam
1704 455 1868 498 fecisse.

115 527 179 581 (8)
221 530 419 583 macerat
454 530 554 568 tunc
591 525 838 569 Britanniae
871 525 1039 568 Vettius
1077 527 1275 582 Bolanus,
1322 527 1529 583 placidius
1567 542 1694 585 quam
1737 529 1870 572 feroci

114 600 332 658 provincia
359 599 534 655 dignum
563 604 638 642 est.
670 601 926 656 temperavit
954 602 1157 656 Agricola
1186 602 1271 644 vim
1299 616 1419 644 suam
1448 602 1728 658 ardoremque
1759 617 1869 647 com-

114 674 291 732 pescuit,
305 686 362 716 ne
375 674 645 728 incresceret,
666 675 828 729 peritus
849 675 1026 730 obsequi
1042 676 1316 731 eruditusque
1337 677 1457 718 utilia
1473 677 1658 719 honestis
1677 678 1867 720 miscere.
1888 691 1905 716 ε»

113 747 241 803 brevi
253 747 407 791 deinde
428 747 650 790 Britannia
669 749 934 791 consularem
954 749 1159 791 Petilium
1181 749 1392 793 Cerialem
1412 750 1598 805 accepit:
1628 751 1871 793 habuerunt

113 822 290 865 virtutes
317 821 501 877 spatium
522 822 830 877 exemplorum.
861 823 937 865 sed
967 823 1102 878 primo
1125 823 1302 867 Cerialis
1322 824 1490 867 labores
1511 824 1635 866 modo
1658 829 1701 866 et
1723 824 1868 867 discri-

112 895 240 947 mina,
269 908 370 938 mox
400 900 443 938 et
472 896 651 951 gloriam
681 897 1037 939 communicabat:
1078 912 1206 953 saepe
1244 897 1355 953 parti
1385 898 1598 940 exercitus
1627 899 1672 940 in
1701 901 1870 955 experi-

111 973 314 1024 mentum,
344 969 571 1026 aliquando
601 970 829 1012 maioribus
858 972 989 1027 copiis
1020 985 1076 1014 cx
1108 977 1264 1015 eventu
1293 971 1512 1028 praefecit.
1553 985 1633 1014 nec
1664 973 1869 1027 Agricola

111 1057 312 1100 umquam
340 1043 384 1086 in
414 1058 533 1086 suam
562 1043 719 1102 famam
756 1045 887 1100 gestis
917 1045 1165 1088 exsultavit:
1204 1045 1258 1088 ad
1295 1049 1511 1088 auctorem
1548 1060 1597 1088 ac
1634 1045 1784 1093 ducem
1822 1052 1903 1093 ut20

111 1117 301 1160 minister
331 1117 545 1160 fortunam
574 1118 800 1160 referebat.
840 1119 900 1161 ita
929 1119 1084 1160 virtute
1114 1118 1165 1173 ‚in
1205 1119 1490 1175 obsequendo,
1528 1120 1786 1163 verecundia
1827 1121 1868 1162 in

111 1190 398 1248 praedicando
429 1195 553 1234 extra
581 1191 784 1234 invidiam
813 1205 892 1234 nec
923 1196 1048 1235 extra
1077 1192 1258 1248 gloriam
1288 1197 1390 1235 erat.

251 1287 280 1317 l.
294 1284 403 1316 ulctcr
418 1285 450 1316 B.
469 1300 513 1306 —
530 1287 564 1316 2.
579 1285 678 1333 tiones
696 1286 727 1316 B.
751 1301 781 1306 —
805 1287 836 1317 3.
853 1285 978 1317 vectius
994 1285 1130 1317 nolanus
1146 1287 1182 1317 Α.
1211 1301 1242 1306 *-·
1273 1287 1303 1316 5.
1326 1285 1473 1326 obsequii
1489 1287 1596 1318 Ritter.
1628 1303 1658 1307 —
1690 1289 1741 1319 11.
1766 1283 1871 1322 fortas

112 1351 188 1373 nam
203 1342 229 1373 A
244 1342 277 1373 in
293 1342 426 1381 margine
441 1342 604 1382 supplevit.

112 1418 195 1441 sm
213 1408 320 1441 Civile
335 1414 368 1440 et
383 1410 575 1450 increpante
597 1411 783 1449 Germanos,
802 1415 968 1451 tamquam

105 1453 207 1495 fldem
228 1465 292 1494 per
321 1455 427 1486 scelus
460 1456 694 1496 abrumperent.
736 1455 895 1486 simulata
927 1465 966 1486 ea

103 1498 253 1539 suerint,
293 1510 338 1531 an
367 1501 510 1531 retinere
550 1501 730 1532 saevientes
769 1500 964 1541 nequiverit,

106 1554 230 1585 param
246 1545 452 1584 adfirmatur.
469 1561 512 1568 —-
529 1546 575 1577 De
591 1556 664 1577 voce
680 1546 812 1585 inqenio
829 1547 868 1577 cf.
887 1549 964 1576 Anu.

111 1590 192 1623 xm.
211 1592 254 1622 53
281 1590 420 1628 Quietae
441 1591 488 1622 ad
502 1591 540 1622 id
554 1597 676 1631 tempus
699 1602 751 1623 res
775 1591 811 1622 in
831 1592 965 1622 Germa-

110 1635 334 1676 niafuerant,
351 1636 483 1676 inqenio
506 1637 631 1676 ducum,
659 1637 716 1677 qui
742 1654 770 1658 -
791 1637 900 1667 maius
927 1647 966 1668 ecc

110 1690 147 1712 eo
161 1681 259 1713 decus
273 1682 462 1721 sperabant,
487 1683 519 1713 si
539 1693 652 1722 pacem
675 1683 965 1714 continuavisscnt.

111 1741 155 1748 —
172 1727 312 1758 Ceterum
327 1730 391 1758 toto
407 1727 466 1758 hoc
482 1728 548 1758 loco
565 1728 614 1758 hic
632 1729 749 1758 videtur
764 1737 830 1758 esse
847 1731 965 1758 senteu-

109 1772 219 1803 tiarnm
242 1772 332 1803 ordo:
365 1773 449 1804 ‚duas
478 1783 526 1804 res
550 1774 668 1804 Tacitus
698 1777 807 1810 narrat,
840 1783 966 1813 quarum

111 1817 150 1848 de
171 1818 265 1849 altera
287 1827 348 1848 non
374 1818 504 1849 dubitari
529 1818 638 1855 (tarde
653 1833 697 1841 --
714 1817 963 1857 transqressael,

110 1863 232 1894 alteram
249 1873 367 1894 rumore
383 1864 512 1894 adlatam
530 1874 595 1895 esse
613 1861 772 1903 (decessor
795 1880 824 1884 —
849 1874 964 1894 narra-

110 1906 239 1949 batur);
257 1909 351 1949 priori
366 1910 567 1940 adnectuntur
583 1910 750 1949 explicandi
767 1911 861 1949 gratia
876 1910 966 1940 verba

111 1954 230 1995 quippe
266 1970 301 1975 --
330 1954 552 1994 formidolosa
583 1960 667 1994 erat,
698 1956 808 1995 quibus
831 1959 966 1986 narratur

111 2009 158 2030 res
174 1999 256 2031 haud
276 2000 377 2035 dubia,
395 2001 433 2030 ad
450 2001 645 2040 posteriorem
662 2002 766 2031 eodem
785 2001 872 2031 modo
890 2001 964 2031 refe-

109 2045 204 2076 renda
218 2050 290 2076 sunt
304 2046 396 2076 verba
411 2055 469 2076 nec
486 2045 611 2084 leyatus
627 2060 671 2066 —
688 2046 832 2085 inqenio,
855 2046 964 2085 quibus

109 2099 188 2130 quae
203 2100 251 2121 res
267 2091 398 2126 affertur,
424 2091 480 2121 etsi
497 2095 605 2121 certam
622 2101 687 2122 esse
704 2092 786 2126 dicit.
811 2095 910 2122 tamen
927 2091 965 2121 de

110 2145 201 2166 causa
215 2136 279 2167 eius
298 2135 418 2175 ambigi.

157 2181 208 2212 ita
223 2191 385 2213 successor
406 2196 438 2202 —
452 2181 603 2221 secisse}
641 2182 721 2213 Nihil
745 2183 775 2212 in
800 2182 856 2212 hoc
873 2192 964 2212 enun-

83 2264 85 2266 Υ
110 2227 194 2264 usto,
212 2227 295 2267 qnod
307 2227 430 2258 miretur
439 2228 599 2267 quispiam,
619 2228 743 2266 legimus
756 2228 793 2258 de
805 2227 966 2267 d‘nciplina

110 2271 149 2303 ab
165 2272 305 2311 Agricola
319 2273 466 2303 restituta.
502 2274 542 2303 At
563 2273 595 2303 id
619 2273 729 2303 factum
754 2282 821 2303 esse
845 2282 883 2303 ex
898 2274 965 2312 ipso

110 2327 209 2348 rerum
225 2318 330 2348 ordine
353 2318 487 2357 intellegi
510 2322 591 2349 ratus
615 2319 733 2349 Tacitus
758 2319 853 2358 pluris
876 2319 965 2349 inter-

111 2372 178 2394 esse
193 2364 311 2403 putavit
325 2363 445 2400 referre,
471 2367 583 2403 quanta
598 2364 738 2402 Agricola
762 2367 831 2403 post
847 2365 964 2394 restitu-

111 2411 173 2439 tm
187 2409 376 2448 disciplinam
393 2418 466 2439 usus
483 2409 524 2439 sit
547 2410 761 2445 moderatione,
787 2419 855 2439 cum
879 2419 964 2439 suam

111 2454 177 2494 ipse
194 2454 324 2491 laudem,
349 2463 440 2494 quam
464 2455 602 2485 coercitis
628 2454 772 2485 militibus
797 2458 963 2494 pepererat,

112 2499 325 2539 dissimularet,
355 2508 415 2539 qna
442 2509 473 2530 re
497 2510 558 2530 non
582 2500 681 2530 solum
706 2501 835 2531 militum
858 2499 964 2540 famae,

110 2545 165 2576 sed
181 2545 270 2576 etiam
288 2545 386 2576 Roscii
403 2545 495 2576 Caelii
520 2546 679 2576 memoriae
703 2545 849 2585 pepercit.
890 2546 965 2576 Nam

109 2588 362 2621 moderationem
386 2590 468 2621 illam
492 2591 648 2629 Agricolae
671 2600 732 2621 non
756 2591 798 2621 ita
819 2590 980 2630 interpre-.

110 2635 233 2666 undam
248 2644 325 2672 esse,
343 2638 378 2666 ut
394 2637 508 2675 pudore
527 2637 620 2674 magis
645 2646 734 2675 quam
752 2636 840 2675 malo,
866 2640 899 2666 ut
918 2640 964 2665 est

111 2680 192 2720 apud
209 2680 282 2712 Sall.
298 2681 366 2720 Jug.
385 2682 456 2716 100,
473 2683 503 2722 ὁ,
521 2682 683 2711 exercitum
700 2682 868 2712 coercuisse
884 2681 964 2711 dica-

109 2729 169 2761 tur,
187 2726 242 2756 sed
257 2726 296 2756 ad
311 2726 345 2756 id
359 2729 478 2766 tempus
494 2726 679 2757 referendam
694 2736 768 2762 esse,
786 2727 869 2767 quod
882 2727 963 2756 resti-

111 2773 205 2801 tutam
221 2771 412 2811 disciplinam
427 2775 562 2802 secutum
580 2775 636 2806 est,
655 2773 821 2811 perfectum
838 2771 965 2811 secisse

112 2816 212 2846 docet.
260 2816 340 2847 Haec
356 2817 515 2856 explicatio
532 2817 659 2848 debetur
676 2817 792 2849 Petere.

161 2951 288 2983 Vettius
327 2951 496 2990 BolanusJ.
546 2953 674 2983 Cursum
716 2953 862 2983 honorum
904 2953 967 2982 eius

111 2997 234 3036 scripsit
249 2997 364 3028 Statius
379 2997 452 3028 Silv.
471 2998 506 3028 V.
522 2999 552 3039 2,
567 3000 697 3029 30—58
719 2995 772 3037 (ad
786 2998 965 3037 Crispinum,

114 3042 220 3073 Bolani
244 3041 363 3080 filium).
403 3042 525 3081 Legioni
556 3044 611 3074 sub
635 3043 803 3074 Corbulone
828 3043 968 3082 in⁴Syria

114 3087 245 3126 praefuit
261 3097 287 3121 a.
307 3089 347 3119 62
367 3085 459 3125 (Anu.
476 3088 539 3118 XV.
559 3089 603 3129 3),
628 3089 732 3119 consul
757 3089 899 3119 suffectus
923 3091 968 3117 est

113 3141 142 3162 a.
159 3133 199 3163 67
229 3133 277 3163 vel
294 3134 347 3169 68,
365 3134 533 3164 Britanniae
559 3134 688 3173 praefuit
702 3143 728 3164 a.
747 3134 788 3164 69
807 3138 836 3163 et
853 3134 905 3163 70.
931 3133 967 3163 Η.

114 3176 152 3208 II.
178 3179 231 3208 66.
258 3178 312 3208 97.
353 3178 507 3209 Postremo
531 3179 716 3218 Vespasiano
746 3182 886 3217 regnante
915 3187 967 3216 pro

115 3223 238 3253 consule
264 3224 352 3254 Asiae
377 3224 516 3263 praefuit.
555 3224 770 3263 Waddiugton,
797 3224 887 3254 fastes
915 3223 968 3252 des

116 3267 274 3305 provinces
289 3269 468 3308 Asiatiques.
486 3279 517 3308 p.
539 3270 610 3299 145.

155 3309 266 3349 feroci
284 3312 485 3352 provinciaJ,
511 3315 530 3343 i.
550 3323 576 3345 e.
601 3313 693 3344 feroci
717 3314 780 3344 hac
806 3313 968 3352 provincia.

124 3354 173 3385 sle
195 3356 394 3396 intellegenda
408 3363 479 3389 sunt
503 3368 538 3389 ea
553 3368 685 3399 quoque,
702 3368 780 3398 quae
802 3358 839 3388 de
857 3358 969 3388 Britan-

188 3416 305 3447 Tacita·
322 3419 359 3449 11.

1416 1360 1429 1383 p

1014 1411 1081 1441 niae
1098 1411 1270 1441 nationibus
1287 1412 1426 1449 leguntur
1439 1422 1465 1442 c.
1484 1413 1520 1441 12
1535 1421 1591 1442 nec
1604 1411 1702 1442 aliud
1715 1412 1870 1443 adversus

1013 1456 1241 1487 validissimas
1263 1462 1373 1496 yentes
1391 1454 1424 1495 (i.
1443 1467 1469 1487 e.
1487 1457 1541 1487 has
1557 1456 1673 1495 gentes)
1693 1467 1756 1496 pro
1779 1458 1870 1488 nobis

1013 1501 1143 1540 utilius,
1163 1511 1258 1541 quam
1275 1502 1359 1542 quod
1373 1503 1411 1533 in
1427 1512 1586 1533 commune
1610 1512 1672 1533 non
1688 1503 1866 1533 consulunt.

1059 1557 1099 1577 ne
1115 1546 1336 1584 incresceretJ,
1354 1557 1396 1578 sc.
1413 1549 1490 1587 ipse,
1509 1548 1529 1578 i.
1547 1558 1573 1578 e.
1591 1557 1628 1577 ne
1646 1548 1734 1578 rebus
1751 1549 1868 1578 fortiter

1014 1594 1104 1631 gestis
1121 1594 1339 1623 existimatione
1352 1597 1382 1623 et
1393 1594 1521 1624 militum
1535 1596 1566 1623 et
1577 1593 1705 1624 civitatis
1718 1594 1868 1624 Romanae

1013 1647 1105 1677 supra
1128 1638 1274 1668 Bolanum
1298 1639 1494 1669 attolleretur.
1543 1639 1628 1670 Suet.
1653 1640 1691 1668 de
1707 1649 1828 1677 gramm.
1847 1642 1873 1668 3.

1008 1684 1143 1723 posthac
1158 1684 1263 1723 mayis
1281 1694 1319 1714 ac
1335 1685 1439 1724 maqis
1455 1690 1485 1715 ct
1501 1684 1614 1722 qratia
1637 1689 1669 1715 et
1686 1693 1766 1715 cura
1781 1685 1867 1715 artis

1013 1729 1162 1760 increvit.
1738 1748 1742 1753 -

1055 1774 1195 1813 peritus]
1215 1778 1245 1805 et
1261 1774 1410 1805 eruditus
1434 1771 1481 1814 (ut
1496 1773 1617 1812 doctus)
1635 1775 1691 1805 hoc
1707 1785 1767 1805 uno
1784 1775 1864 1814 apud

1014 1820 1148 1850 Tacitum
1165 1821 1230 1850 loco
1247 1830 1315 1850 cum
1332 1821 1480 1850 infinitivo
1497 1821 1656 1851 coniuncta
1672 1821 1819 1858 leguntur.

1047 1864 1283 1903 'consularemL
1302 1867 1320 1895 i.
1339 1875 1367 1897 e.
1386 1866 1514 1904 legatum
1532 1866 1729 1906 consularem,
1746 1870 1780 1896 ut
1794 1867 1829 1897 H.
1843 1867 1864 1897 1.

1014 1912 1055 1941 60
1074 1921 1264 1951 quamquam
1281 1916 1397 1942 remoto
1413 1911 1589 1943 consulari.

1058 1956 1216 1986 Petilium
1237 1955 1419 1993 Cerialem}
1457 1957 1495 1997 Is,
1521 1958 1617 1987 clarus
1642 1957 1731 1987 bellis
1748 1958 1779 1987 in
1797 1958 1865 1988 Ger-

1013 2003 1111 2032 mania
1126 2003 1228 2039 gestis,
1246 2002 1360 2040 legatus
1379 2002 1504 2040 legionis
1528 2012 1625 2032 nonae
1643 2003 1699 2032 sub
1718 2003 1864 2034 Suetonio

1012 2047 1148 2077 Paullino
1165 2058 1191 2077 a.
1211 2048 1250 2076 61
1269 2048 1302 2076 in
1318 2047 1470 2078 Britannia
1494 2045 1585 2084 (Anu.
1601 2048 1679 2078 XIV.
1701 2049 1771 2086 32),
1795 2049 1865 2078 dein

1011 2093 1088 2122 inter
1104 2093 1195 2122 duces
1207 2092 1383 2132 Vespasiani
1395 2093 1573 2132 adsumptus
1591 2091 1642 2131 (Η.
1655 2093 1707 2124 111.
1723 2093 1778 2130 59)
1796 2103 1865 2123 con-

1011 2138 1089 2168 tecto
1106 2138 1185 2168 bello
1209 2147 1237 2168 a.
1255 2139 1294 2168 70
1320 2138 1425 2168 consul
1449 2138 1592 2168 suffectus
1616 2148 1651 2168 ac
1675 2139 1774 2169 statim
1798 2142 1867 2177 post

1012 2183 1197 2213 consulatum
1226 2185 1289 2214 dux
1314 2186 1418 2213 contra
1452 2184 1615 2214 Germanos
1651 2184 1784 2214 delectus
1820 2187 1866 2213 est

1013 2228 1063 2264 (H.
1084 2229 1133 2259 IV.
1153 2227 1218 2266 68).
1245 2229 1415 2259 Britanniae
1429 2229 1597 2268 praefectus
1614 2232 1668 2264 est,
1686 2233 1720 2259 ut
1736 2230 1863 2265 videtur,

1011 2284 1038 2304 a.
1059 2276 1110 2305 71.
1136 2274 1179 2304 Ex
1196 2274 1347 2304 Britannia
1363 2275 1458 2314 redux
1474 2274 1578 2304 consul
1600 2275 1706 2304 iterum
1724 2275 1865 2304 suffectus

1013 2322 1058 2350 est
1073 2329 1099 2350 a.
1120 2322 1171 2350 74.
1198 2319 1229 2350 C.
1249 2320 1270 2350 I.
1291 2319 1322 2350 L.
1339 2319 1391 2350 111.
1411 2321 1430 2349 2
1448 2329 1477 2359 p.
1498 2320 1561 2349 852
1579 2330 1608 2349 a.
1623 2319 1653 2350 d.
1670 2319 1745 2350 XII.
1761 2320 1791 2350 k.
1806 2320 1864 2349 Ju-
1890 2317 1894 2320 ’

1012 2365 1088 2396 nias
1109 2366 1144 2403 Q.
1157 2364 1288 2395 Petillia
1307 2363 1438 2395 Ceriale
1458 2363 1572 2395 Caesio
1582 2365 1672 2404 Rufo
1686 2364 1729 2394 II
1747 2365 1781 2396 T.
1794 2364 1863 2395 Οἰο-

1012 2410 1068 2441 dio
1086 2411 1190 2450 Eprio
1206 2408 1363 2441 Marcello
1379 2410 1422 2439 II
1432 2419 1493 2441 cos.

1057 2454 1261 2493 habueruntJ.
1293 2457 1310 2485 i.
1335 2465 1360 2485 e.
1379 2459 1442 2485 tum
1472 2464 1541 2485 vero
1570 2454 1748 2492 habuerunt,
1781 2455 1863 2494 quod

1013 2501 1085 2531 latet
1100 2502 1130 2532 in
1147 2502 1213 2540 ipsa
1229 2501 1429 2531 collocatione
1446 2500 1537 2530 verbi.

1057 2545 1222 2586 virtutes],
1240 2550 1273 2576 ut
1290 2555 1316 2576 c.
1339 2548 1352 2576 1
1371 2547 1476 2576 virtus
1491 2545 1618 2585 aliqua.

1058 2592 1200 2630 spatium
1223 2589 1464 2633 exemplorum}
1483 2591 1668 2629 egregiorum
1685 2590 1859 2627 facinorum,

1013 2645 1090 2676 quae
1114 2637 1164 2667 alii
1190 2640 1222 2666 ut
1246 2637 1382 2675 exempla
1405 2637 1601 2666 imitarentur.
1639 2637 1715 2665 Anu.
1740 2635 1803 2665 XV.
1823 2637 1864 2664 20

1013 2682 1157 2721 eoeempla
1173 2682 1306 2712 honesta
1322 2681 1412 2720 apud
1427 2681 1520 2711 bonos
1533 2690 1570 2710 ecc
1583 2677 1712 2710 delictis
1725 2679 1864 2710 aliarum

1013 2727 1117 2765 yiyni.
1151 2728 1224 2758 Cum
1240 2730 1302 2756 tota
1326 2726 1472 2756 sententia
1495 2734 1634 2763 compara
1652 2726 1726 2755 Anu.
1746 2725 1825 2754 XIII.
1846 2727 1864 2753 8

1014 2771 1191 2802 Domitium
1227 2770 1433 2802 Corbulonem
1463 2769 1656 2801 retinendae
1691 2770 1864 2799 Armeniae

1008 2820 1251 2856 praeposuerat,
1283 2815 1518 2854 videbaturque
1557 2814 1645 2845 locus
1684 2815 1862 2845 virtutibus

1008 2861 1208 2902 patefactus.

1058 2907 1095 2937 in
1119 2904 1397 2946 experimentumJ,
1431 2909 1465 2934 ut
1496 2905 1687 2944 experiretur,
1720 2907 1864 2944 quantum

1014 2952 1116 2982 virtuti
1135 2953 1199 2981 eius
1216 2951 1358 2981 committi
1376 2953 1487 2989 posset.

1059 3006 1096 3027 ex
1129 2995 1268 3033 eventuJ.
1316 2997 1393 3026 Anu.
1427 2995 1475 3025 IV.
1502 2996 1520 3024 6
1554 3004 1604 3025 res
1635 3002 1711 3025 suas
1745 2994 1865 3025 Caesar

1014 3041 1245 3080 spectatissimo
1255 3041 1383 3080 cuique,
1394 3038 1582 3079 quibusdam
1595 3039 1716 3078 iqnotis
1725 3050 1763 3069 ex
1775 3036 1865 3075 lama

1014 3086 1196 3116 mandabat.
1224 3087 1350 3116 Eventu
1367 3089 1399 3115 ut
1414 3094 1439 3115 c.
1458 3086 1499 3114 22
1517 3084 1635 3115 damna
1658 3085 1793 3116 aestatis
1816 3085 1863 3115 hi-

1015 3131 1123 3162 bernis
1141 3130 1303 3161 eventibus
1311 3134 1498 3170 pensarent.
1522 3139 1548 3160 c.
1570 3130 1609 3160 27
1630 3131 1774 3170 prompti
1791 3135 1864 3170 post

1015 3181 1159 3207 eventum
1175 3185 1212 3206 ac
1229 3175 1439 3214 maqniloqui.

1060 3222 1097 3252 in
1113 3230 1203 3251 suam
1210 3219 1369 3259 famamJ,
1387 3223 1420 3250 ut
1435 3220 1472 3250 in
1489 3219 1698 3251 iactationem
1714 3229 1738 3251 e.
1757 3221 1787 3249 δ.

1059 3264 1185 3305 yestiss.
1233 3265 1309 3295 Huic
1337 3264 1481 3295 vocabulo
1509 3265 1687 3304 opponitur.
1725 3265 1755 3295 id
1784 3265 1864 3303 quod

1017 3311 1161 3350 sequitur.
1180 3309 1362 3349 fortunam,
1393 3319 1453 3349 quo
1481 3310 1547 3349 ipso
1572 3310 1714 3340 vocabulo
1731 3310 1865 3346 Agricola

1017 3356 1093 3386 sacta
1120 3365 1174 3385 sua
1197 3356 1365 3395 appellasse
1396 3356 1547 3394 putandus
1571 3358 1616 3384 est
1677 3355 1739 3384 Non
1766 3355 1863 3389 igitur.

1625 3408 1664 3442 11
