2176 3672
696 317 869 363 LIBER
895 318 950 364 II.
1009 317 1109 375 Cap.
1141 320 1207 365 38.
1239 319 1305 366 39.
1336 321 1403 365 40.
1844 321 1924 365 341

165 435 322 479 circum
359 434 551 478 amnibus
588 436 766 489 penuria
804 447 939 490 aquae
977 433 1266 489 fatigarentur.
1311 437 1370 480 ibi
1400 438 1453 481 de
1482 436 1644 491 proelio
1673 435 1927 489 dubitatum,

165 514 335 559 Othone
373 528 452 570 per
490 515 658 560 litteras
695 514 917 569 flagitante
955 518 1005 557 ut
1043 519 1327 570 maturarent,
1368 516 1572 560 militibus
1611 519 1660 559 ut
1698 518 1930 571 imperator

163 607 331 650 pugnae
361 582 532 639 adesset
560 594 854 650 poscentibus3
884 594 1076 649 plerique
1096 597 1238 650 copias
1267 601 1385 640 trans
1405 597 1567 639 Padum
1599 600 1771 651 agentes
1802 597 1928 640 acciri

163 674 449 729 postulabant.
491 686 570 718 nec
597 675 775 729 proinde
805 674 1029 717 diiudicari
1066 678 1210 728 potest
1247 676 1350 730 quid
1388 677 1594 730 optimum
1632 675 1748 720 factu
1787 676 1928 730 fuerit,

162 766 289 809 quam
328 755 558 809 pessimum
598 753 730 797 fuisse
758 754 873 808 quod
911 753 1069 796 factum
1100 758 1177 798 est.
1237 755 1332 810 (40)
1362 769 1444 799 non
1475 760 1525 799 ut
1554 743 1610 799 ad
1637 769 1823 811 pugnam
1853 757 1928 800 sed

163 834 220 877 ad
247 834 489 878 bellandum
518 833 698 888 profecti
727 832 981 877 confluentes
1000 834 1107 877 Padi
1127 838 1170 878 et
1189 836 1337 878 Aduae
1366 835 1585 879 fluminum
1617 838 1799 880 sedecim
1829 838 1928 880 inde

161 913 325 958 milium
355 915 493 968 spatio
521 914 731 957 distantes
759 914 970 968 petebant.
1021 913 1142 957 Celso
1173 919 1217 958 et
1235 915 1414 958 Paulino
1443 916 1721 960 abnuentibus
1750 917 1926 960 militem

122 1100 126 1104 ι
257 1065 273 1094 1
299 1063 433 1104 manib3
456 1064 614 1103 paenuria
704 1064 829 1102 praelio

160 1108 236 1140 inde
258 1109 333 1140 dett.
434 1110 512 1148 quid
547 1110 736 1140 Rhenanus.-
769 1109 855 1148 quod

160 1154 304 1186 nolanus

164 1280 244 1312 bum
268 1280 464 1311 Plutarchus
487 1280 665 1320 expressit,
702 1284 738 1311 ut
760 1281 918 1320 pleraque
942 1281 1024 1311 alia:

161 1338 223 1368 etsi
244 1337 338 1368 haud
348 1338 486 1368 multum
503 1340 610 1368 aetate
627 1337 740 1368 Tacito
757 1337 903 1369 inferior.
927 1336 1023 1367 L1Ps.

160 1394 263 1425 Velut
285 1394 358 1425 hie:
394 1390 586 1436 προήγαγεν
612 1388 736 1431 αὐτοὺς
761 1389 779 1426 ὁ
802 1390 963 1434 Πρόκλος
985 1391 1024 1426 ἐκ

159 1449 220 1484 τοῦ
245 1449 437 1493 Βητριακοῦ
472 1449 531 1483 καὶ
557 1449 925 1492 κατεστρατοπέδευσεν
956 1445 1022 1484 ἀπὸ

158 1505 367 1549 πεντήκοντα
392 1506 537 1540 σταδίων
570 1501 679 1545 οὕτως
710 1502 914 1548 ἀπείρως
947 1505 1024 1539 καὶ

159 1560 536 1606 καταγελάστως,
564 1558 655 1596 ὥστε
678 1563 742 1605 τῆς
768 1560 826 1605 μὲν
851 1558 943 1605 ὥρας
968 1561 1021 1596 ἐα-

159 1619 253 1662 ρινῆς
283 1614 408 1662 οὔσης,
440 1620 509 1654 τῶν
543 1618 582 1654 δὲ
615 1618 732 1664 κύκλῳ
763 1618 888 1654 πεδίων
919 1617 1021 1653 πολλοὶ

157 1673 292 1719 νάματα
313 1675 372 1710 καὶ
394 1674 565 1720 ποταμοὺς
589 1674 746 1715 ἀεννάους
762 1674 916 1721 ἐχόντων,
942 1671 1022 1710 ὕδα-

158 1744 215 1771 τος
231 1730 350 1768 σπάνει
369 1732 554 1774 πιέζεσξΰαι.
601 1736 732 1766 Heeren
749 1735 879 1774 quidem
897 1735 935 1765 de
952 1735 1022 1765 fon-

150 1790 246 1837 ·tibus
291 1791 434 1822 vitarum
480 1792 668 1831 Plutarchi,
717 1791 891 1831 Gottingae
933 1793 1021 1823 1820

159 1857 193 1887 p.
212 1849 278 1880 188
302 1849 416 1879 Tacito
440 1852 472 1879 et
487 1848 642 1880 Suetonio
666 1859 740 1880 eum
763 1859 829 1879 non
852 1858 947 1880 usum
970 1858 1021 1879 ar-

160 1904 308 1936 bitratur.
353 1905 448 1944 Quod
472 1906 501 1936 si
525 1911 591 1945 est,
626 1910 713 1937 certe
738 1916 851 1937 omues
875 1910 942 1937 tres
965 1906 1020 1937 iis-

159 1961 234 1993 dem
258 1972 298 1993 ex
323 1953 467 1993 fontibus
490 1963 679 1993 hauserunt.
727 1963 922 1994 Plutarchus
949 1964 1019 2003 ipse

158 2019 192 2049 in
217 2017 324 2050 Galba
347 2028 374 2050 c.
393 2021 434 2051 27
471 2022 503 2050 et
526 2019 560 2050 in
585 2019 714 2050 Othone
738 2029 765 2051 c.
783 2022 802 2051 9
834 2021 954 2051 multos
988 2023 1021 2051 et

158 2076 271 2107 varios
305 2085 377 2107 sese
415 2077 617 2108 consultasse
652 2081 770 2109 monet.
818 2079 856 2108 In
889 2077 964 2108 Oth.
999 2079 1018 2109 3

106 2128 108 2130 ’
159 2131 312 2164 Cluvium
329 2134 450 2164 Rufum
467 2135 621 2173 appellat.
670 2144 697 2165 c.
716 2137 735 2166 9
760 2135 1020 2165 commemoratis

158 2190 286 2229 causis,
320 2200 378 2220 cur
401 2191 604 2230 sapientibus
627 2192 773 2230 Paulini,
798 2190 906 2229 Celsi,
932 2190 1019 2222 Galli

157 2247 303 2278 consiliis
325 2257 390 2278 non
415 2248 650 2288 obtemperarit
673 2248 780 2287 Otho,
804 2248 913 2279 addit:
950 2246 1020 2280 Καὶ

157 2302 256 2336 τοῦτο
290 2300 349 2346 μὲν
382 2305 531 2346 διηγεῖτο
554 2303 748 2343 Σεκοῦνδος
772 2301 790 2339 ὅ
815 2302 929 2347 ῥήτωρ
964 2302 1020 2337 ἐπὶ

157 2359 225 2393 τῶν
249 2357 431 2394 ἐπιστολῶν
455 2358 632 2403 γενόμενος
655 2360 715 2394 τοῦ
733 2356 903 2398 ”omnnem
927 2362 1018 2392 cuius

158 2417 381 2448 commentarii
403 2418 443 2448 de
468 2419 537 2449 eius
561 2419 658 2450 rebus
676 2419 839 2450 exstitisse
855 2419 1018 2449 videntur.

157 2473 308 2513 Denique
339 2484 367 2506 c.
387 2477 428 2506 14
460 2478 577 2506 testem
610 2476 775 2507 oculatum
807 2476 922 2515 proelii
956 2476 1017 2507 Be-

157 2530 357 2570 driacensis,
381 2532 550 2563 Mestrium
574 2533 710 2564 Florum
734 2534 937 2564 consularem
963 2533 1017 2563 ad-

158 2588 255 2619 ducit.
303 2588 347 2619 Et
370 2589 431 2620 hos
455 2590 583 2627 quidem
606 2590 754 2620 nominat
776 2590 926 2629 Heeren;
951 2599 1016 2620 non

157 2648 253 2676 norat
275 2645 468 2686 Pompeium
499 2646 664 2685 Plantam,
700 2647 740 2677 de
773 2656 836 2685 qno
867 2646 943 2677 vide
975 2647 1017 2677 ad

156 2711 185 2734 o.
204 2703 248 2734 23
271 2711 431 2742 quemque
454 2703 540 2734 inter
561 2704 679 2734 multos
702 2703 778 2734 illos
803 2713 823 2734 a
842 2704 1016 2734 Plutarcho

156 2759 337 2799 inspectum
360 2769 432 2792 esse
455 2760 626 2800 probabile
650 2764 708 2791 est.
742 2761 782 2792 cf.
802 2761 865 2791 Ios.
883 2760 995 2790 Lezius
1008 2770 1018 2790 .·

157 2816 197 2847 de
229 2817 396 2848 Plutarchi
426 2817 460 2848 in
493 2817 601 2848 Galba
632 2821 664 2849 et
697 2817 826 2849 Othone
859 2818 1014 2849 fontibus.

157 2873 296 2913 Dorpati
319 2874 521 2905 Livonorum
547 2876 645 2906 1884.
671 2892 716 2898 —
750 2874 787 2905 de
805 2874 942 2915 proelio]
977 2875 1016 2905 de

157 2929 230 2960 loco
252 2939 380 2970 pugnae
403 2931 619 2970 potissimum.
652 2931 789 2962 Domus.

203 2987 257 3018 40.
306 2987 353 3018 ad
366 2987 556 3029 bellandum]
580 2988 636 3019 Ad
650 2988 868 3020 debellandum
884 2988 1018 3027 corrigit

159 3041 302 3075 Grotius.
353 3044 474 3084 „Ibant
496 3054 560 3076 non
585 3046 678 3083 quasi
702 3046 743 3076 ad
767 3046 926 3076 incertum
950 3054 1016 3076 cer-

157 3102 287 3140 tamen,
323 3101 381 3132 sed
414 3105 450 3132 ut
481 3102 579 3133 finem
614 3102 796 3143 imposituri
828 3102 918 3133 bello
952 3111 1018 3132 una

158 3156 332 3188 victoria.“
379 3158 422 3189 At
454 3159 573 3190 rectius
607 3160 781 3191 Duebner:
810 3158 886 3197 '„Ac
917 3158 945 3189 si
977 3168 1016 3189 ex

157 3212 239 3243 urbe
262 3213 303 3244 ad
323 3212 510 3247 bellandum
534 3217 816 3256 proficiscerentur
838 3215 1016 3254 longinquo

157 3269 271 3308 hoste,
306 3271 399 3301 nullo
423 3276 515 3303 erant
537 3274 578 3303 ad
601 3283 743 3313 pugnam
777 3273 893 3303 idoneo
917 3281 1016 3311 appa-

159 3330 231 3357 ratu
255 3336 315 3358 nee
340 3327 479 3367 expediti
501 3328 583 3373 (sine
603 3329 764 3372 sarcinis),
788 3334 823 3360 ut
839 3329 1015 3367 Vitelliani,

158 3384 199 3415 de
223 3383 340 3423 quibus
364 3394 390 3415 c.
407 3387 452 3416 45
475 3387 630 3425 legimus:
667 3387 819 3426 expeditis
842 3391 871 3417 et
894 3390 1015 3416 tantum

201 3441 343 3473 Tacitus.
382 3442 424 3473 11.

921 1065 977 1140 3lf4
1002 1065 1168 1103 pler1sque
1193 1082 1236 1086 —
1260 1066 1502 1104 postulantibus
1526 1066 1564 1096 L.
1582 1067 1718 1106 Spengel

961 1114 1068 1140 aetum

1807 1069 1828 1098 4
1853 1077 1925 1106 per-

1174 1112 1193 1142 6
1228 1111 1382 1142 uellandu
1418 1114 1515 1152 (corr.
1542 1112 1607 1154 2m)
1700 1113 1835 1144 Adduae
1860 1114 1921 1144 Pa-

1546 1283 1738 1315 Praeiverat
1769 1285 1925 1316 Heinsius

1060 1338 1141 1369 haec
1171 1338 1378 1369 adscribens:
1414 1339 1503 1379 „Qui
1527 1340 1568 1370 ad
1592 1340 1681 1371 bella
1711 1342 1922 1380 proficiscun-

1060 1281 1108 1311 ad
1131 1281 1291 1321 proelium
1324 1282 1489 1321 eyressisf‘

1058 1397 1128 1433 tur,
1153 1396 1299 1426 sarcinas
1324 1405 1433 1426 secum
1458 1397 1582 1427 ferunt:
1617 1398 1672 1436 qui
1696 1399 1737 1429 ad
1761 1408 1917 1438 pugnam,

1060 1460 1115 1482 eas
1139 1452 1172 1482 in
1197 1453 1270 1483 loco
1304 1453 1452 1492 proximo
1483 1455 1683 1492 relinquunt.
1730 1455 1825 1494 Quod
1858 1466 1923 1486 non

1059 1509 1191 1549 factum,
1216 1510 1276 1540 etsi
1299 1509 1404 1540 hostis
1428 1510 1462 1540 in
1479 1511 1634 1541 vicinia.⁴‘
1672 1513 1711 1542 ef.
1731 1511 1840 1543 Germ.
1860 1515 1923 1545 30:

1058 1565 1150 1595 Alios
1175 1566 1222 1596 acl
1236 1566 1394 1605 proelium
1418 1567 1466 1597 ire
1487 1567 1609 1606 videas,
1640 1567 1770 1599 Chattos
1794 1569 1841 1599 ad
1862 1569 1923 1600 bel-

1058 1622 1131 1652 lum.
1158 1640 1198 1646 —
1224 1621 1351 1666 Aduae]
1375 1625 1415 1655 cf.
1434 1624 1550 1656 Strabo
1568 1628 1587 1657 3
1613 1636 1643 1665 p.
1663 1627 1737 1656 192.
1757 1628 1833 1658 209.
1859 1626 1923 1656 Pli-

1058 1680 1131 1711 nius
1155 1682 1187 1719 2,
1215 1682 1279 1712 224
1303 1681 1446 1719 itemque
1471 1681 1624 1714 Sidonius
1651 1685 1680 1721 1,
1707 1686 1747 1714 5:
1780 1682 1923 1714 Vidimus

1057 1737 1197 1768 ulvosum
1221 1737 1412 1777 Lambrum,
1438 1739 1615 1770 caeruleum
1638 1740 1808 1780 Adduam,
1840 1742 1923 1772 velo-

1058 1804 1123 1824 cem
1147 1795 1290 1833 Athesin,
1309 1796 1438 1834 piqrum
1464 1797 1625 1828 Mincium.
1650 1797 1745 1828 LIPS.
1796 1797 1922 1829 Graece

1055 1845 1223 1893 Ἀδούας,
1257 1855 1293 1883 ut
1316 1852 1403 1883 Med.
1428 1854 1561 1892 Adnue,
1587 1855 1683 1885 hodie
1706 1855 1816 1886 adda.
1864 1855 1922 1886 ce-

1056 1911 1161 1938 terum
1193 1909 1380 1948 confluentes
1411 1910 1459 1940 illi
1496 1909 1617 1953 (Bocea
1650 1909 1782 1942 d’Adda
1810 1922 1922 1951 presso

1058 1963 1164 1995 Castel
1185 1965 1300 2007 nuovo)
1335 1966 1477 2005 quinque
1510 1968 1600 1998 milia
1622 1977 1777 2007 passuum
1802 1970 1923 2000 distant

1058 2031 1077 2051 a
1102 2021 1283 2061 Cremona,
1310 2021 1470 2055 Caecinae
1494 2028 1602 2055 autem
1625 2034 1710 2064 pons
1732 2026 1823 2056 mille
1847 2036 1920 2066 pas-

1056 2078 1146 2109 sibus
1170 2079 1305 2118 propior
1329 2084 1399 2110 erat
1424 2079 1624 2120 Cremonae,
1659 2082 1810 2120 quocirca
1844 2092 1920 2114 mox

1056 2139 1106 2165 est
1128 2135 1183 2165 ὐἱέε
1207 2140 1355 2174 quattuor
1372 2137 1416 2167 M.
1432 2138 1468 2168 P.
1517 2139 1568 2168 De
1586 2139 1828 2170 difficultatibus
1845 2150 1919 2170 nar-

1055 2193 1192 2223 rationis
1217 2193 1388 2233 Taciteae,
1423 2195 1450 2224 si
1474 2204 1593 2225 nomen
1618 2194 1738 2226 Aduae
1768 2200 1858 2228 recte
1881 2207 1916 2228 se

1055 2247 1174 2286 habet,
1200 2249 1286 2287 quod
1310 2249 1380 2281 iure
1405 2251 1546 2282 dubitari
1571 2256 1695 2291 potest,
1729 2257 1804 2293 post
1827 2253 1918 2284 Savi-

1055 2305 1135 2334 lium
1167 2314 1239 2335 cum
1275 2306 1329 2336 alii
1353 2307 1417 2337 viri
1452 2308 1538 2339 docti
1572 2310 1814 2348 disseruerunt,
1849 2313 1918 2340 tum

1058 2359 1114 2391 Th.
1152 2361 1325 2392 Mommsen
1362 2363 1394 2393 in
1432 2366 1702 2397 commentatione
1737 2367 1815 2397 illa:
1854 2367 1918 2398 Die

1055 2418 1135 2448 zwei
1172 2418 1364 2450 Schlachten
1400 2430 1466 2451 von
1499 2421 1691 2452 Bedriacum
1726 2423 1770 2453 im
1803 2423 1835 2454 J.
1863 2426 1915 2455 69.

1054 2474 1193 2506 Hermes
1217 2475 1256 2505 V.
1286 2478 1369 2507 1871
1397 2486 1429 2516 p.
1448 2477 1636 2510 161—173.
1673 2489 1778 2518 nuper
1801 2489 1914 2511 omnes

1053 2531 1093 2561 de
1124 2532 1174 2562 his
1207 2532 1304 2563 rebus
1334 2532 1552 2564 dubitationes
1586 2544 1712 2566 summa
1746 2536 1916 2575 diligentia

1053 2589 1206 2627 expedire
1230 2593 1365 2620 conatus
1391 2594 1440 2621 est
1463 2591 1598 2622 Ioannes
1625 2592 1849 2623 Gerstenecker
1881 2594 1915 2624 in

1052 2649 1292 2684 programmate
1315 2647 1521 2678 Monacensi:
1545 2648 1614 2678 Der
1629 2649 1734 2689 Krieg
1750 2650 1807 2680 des
1825 2649 1913 2681 Otho

1052 2712 1083 2732 u.
1109 2702 1260 2733 Vitellius
1284 2703 1317 2733 in
1342 2704 1457 2735 Italien
1490 2705 1534 2734 im
1558 2705 1590 2735 J.
1618 2706 1671 2736 69.
1713 2708 1824 2746 1882,
1858 2707 1916 2738 sed

1053 2759 1148 2790 nimis
1172 2764 1286 2799 argute
1311 2763 1342 2791 et
1366 2770 1482 2800 parum
1506 2761 1739 2801 probabiliter,
1776 2766 1813 2793 ut
1836 2764 1915 2794 mihi

1053 2816 1182 2854 quidem
1213 2816 1354 2848 videtur.
1401 2817 1585 2857 Nipperdey
1617 2819 1650 2849 in
1683 2820 1824 2851 editione
1857 2829 1917 2851 sua

1053 2873 1184 2903 nomina
1207 2874 1373 2904 fluminum
1398 2874 1484 2905 Padi
1505 2879 1535 2905 et
1558 2874 1674 2906 Aduae
1697 2876 1789 2907 uncis
1814 2877 1915 2907 inclu-

1053 2931 1095 2960 sit
1118 2934 1150 2960 et
1172 2930 1252 2961 haec
1275 2931 1463 2961 adnotavit:
1501 2932 1658 2969 „flumina
1689 2935 1821 2971 praeter
1852 2934 1915 2964 Pa-

1052 2987 1127 3016 dum
1163 2991 1238 3017 sunt
1272 2987 1376 3018 amnis
1410 2987 1535 3019 Caneta
1568 2991 1600 3019 et
1636 2988 1699 3019 rivi
1734 2990 1916 3028 complures

1052 3052 1153 3083 prope
1178 3044 1371 3075 Cremonam
1397 3043 1565 3075 Orientem
1589 3054 1705 3076 versus
1730 3045 1762 3075 in
1788 3046 1913 3077 Padum

1305 3101 1349 3131 At
1372 3102 1444 3139 quis
1468 3102 1528 3132 hoc
1553 3101 1616 3132 sibi
1640 3102 1834 3141 persuadeat
1850 3103 1914 3134 Ta-

1052 3157 1150 3187 citum
1185 3156 1373 3195 confluentes
1406 3158 1567 3194 fluminum
1603 3158 1772 3198 scripsisse
1810 3169 1914 3199 neque

1052 3213 1237 3244 nominasse
1263 3213 1421 3245 flumina?
1446 3232 1488 3237 —
1526 3214 1657 3245 sedecim
1690 3215 1763 3246 inde
1794 3216 1914 3247 mz'lium

1052 3270 1156 3309 spatio
1190 3268 1355 3314 distantes]
1390 3270 1462 3301 inde
1496 3271 1529 3302 h.
1548 3281 1575 3303 e.
1610 3281 1630 3302 a
1662 3276 1778 3310 quarto
1810 3282 1830 3304 a
1852 3274 1915 3305 Be-

1052 3328 1180 3365 driaco,
1216 3336 1311 3365 quem
1344 3328 1449 3358 locum
1484 3328 1583 3368 paulo
1608 3331 1683 3359 ante
1708 3328 1748 3371 (c.
1768 3328 1825 3371 89)
1849 3339 1914 3361 me-

1051 3387 1256 3422 moraverat,
1297 3387 1332 3414 ut
1367 3388 1454 3415 recte
1490 3386 1722 3424 interpretatur
1755 3386 1914 3425 Ryekius.

1591 3446 1642 3481 23

1052 3100 1258 3131 influentes.“
