2176 3672
695 315 868 358 LIBER
895 315 951 357 H.
1010 313 1110 368 Cap.
1141 314 1208 357 47.
1238 314 1306 357 48.
1335 314 1402 358 49.
1845 312 1929 355 349

166 432 331 475 ratione
344 465 355 484 ,
385 431 463 474 sed
490 433 690 485 poscente
719 429 927 484 proelium
956 429 1164 482 exercitu,
1194 429 1410 472 remisisse
1438 428 1500 470 rei
1528 427 1723 482 publicae
1751 427 1930 470 novissi-

166 524 281 555 mum
301 523 455 555 casum.
501 511 606 554 satis
635 509 717 553 sibi
745 510 938 563 nominis,
968 509 1075 552 satis
1104 509 1287 563 posteris
1317 509 1406 552 suis
1426 508 1660 551 nobilitatis
1679 508 1930 562 quaesitum.

166 594 265 647 post
290 590 424 635 Iulios
453 590 653 634 Claudios
685 590 854 634 Servios
890 602 937 633 se
965 590 1148 644 primum
1189 589 1232 632 in
1271 587 1475 632 familiam
1513 601 1666 631 novam
1706 588 1931 642 imperium

166 671 371 716 intulisse.
415 671 594 726 proinde
614 673 754 714 erecto
783 670 922 713 animo
942 673 1183 724 capesseret
1204 670 1346 721 vitam,
1376 681 1459 711 neu
1478 671 1678 722 patruum
1699 668 1781 711 sibi
1800 667 1933 711 Otho-

166 764 262 796 nem
285 750 418 795 fuisse
437 755 513 795 aut
532 750 852 794 oblivisceretur
871 763 1070 805 umquam
1090 753 1166 793 aut
1184 750 1360 792 nimium
1379 749 1651 793 meminisset.
1713 747 1807 803 (49)
1838 751 1936 803 post
1972 759 1992 790 5

167 844 279 887 quae
297 832 468 875 dimotis
489 831 682 874 omnibus
710 830 886 885 paulum
915 830 1134 885 requievit.
1179 833 1306 885 atque
1325 830 1444 872 illum
1464 842 1684 884 supremas
1705 829 1790 872 iam
1810 841 1935 872 curas

166 912 306 956 animo
333 912 592 955 volutantem
622 924 772 965 repens
804 911 1011 954 tumultus
1052 911 1228 964 avertit,
1270 911 1465 954 nuntiata
1506 910 1844 953 consternatione
1884 922 1934 952 ac

168 992 342 1036 licentia
370 992 574 1035 militum:
614 1004 795 1046 namque
825 991 1076 1034 abeuntibus
1106 991 1281 1034 exitium
1309 991 1637 1043 minitabantur,
1668 990 1935 1034 atrocissima

167 1072 212 1116 in
241 1072 487 1125 Verginium
526 1072 592 1125 vi,
636 1084 761 1126 quem
801 1072 946 1115 clausa
987 1073 1111 1114 domo
1149 1071 1410 1114 obsidebant.
1457 1071 1675 1125 increpitis
1713 1070 1936 1114 seditionis

168 1151 413 1196 auctoribus
443 1164 661 1207 regressus
681 1153 849 1196 vacavit
878 1152 1120 1195 abeuntium
1151 1151 1376 1206 adloquiis,
1406 1152 1538 1194 donec
1567 1163 1711 1193 omnes
1741 1151 1936 1194 inviolati
1951 1163 1993 1193 ιο

170 1232 502 1287 digrederentur.
554 1236 876 1287 vesperascente
914 1233 983 1275 die
1021 1232 1136 1275 sitim
1173 1231 1332 1274 haustu
1373 1230 1538 1285 gelidae
1578 1244 1715 1285 aquae
1758 1231 1934 1274 sedavit.

169 1315 262 1356 tum
291 1312 446 1356 adlatis
475 1313 727 1367 pugionibus
756 1312 943 1366 duobus,
984 1325 1079 1356 cum
1108 1314 1336 1366 utrumque
1364 1314 1712 1365 pertemptasset,
1751 1311 1933 1354 alterum

170 1393 301 1448 capiti
323 1393 522 1437 subdidit.
572 1396 617 1437 et
644 1394 864 1448 explorato
894 1393 979 1436 iam
1007 1391 1221 1447 profectos
1250 1392 1421 1445 amicos,
1450 1394 1616 1435 noctem
1636 1392 1837 1446 quietam,
1867 1395 1935 1435 ut-

169 1486 252 1528 que
291 1471 563 1527 adfirmatur,
602 1487 684 1517 non
714 1475 945 1517 insomnem
975 1473 1073 1528 egit.
1119 1473 1212 1516 luce
1240 1473 1378 1527 prima
1406 1473 1450 1515 in
1479 1471 1638 1515 ferrum
1668 1475 1841 1526 pectore
1871 1472 1935 1515 in-

169 1552 325 1597 cubuit.
369 1554 424 1596 ad
452 1554 656 1608 gemitum
686 1554 902 1597 morientis
931 1554 1110 1608 ingressi
1139 1552 1282 1596 liberti
1302 1553 1497 1607 servique
1517 1555 1562 1595 et
1579 1551 1745 1595 Plotius
1766 1552 1935 1595 Firmus
1953 1565 1992 1594 15

167 1634 371 1688 praetorii
399 1633 640 1688 praefectus
661 1647 790 1677 unum
810 1634 959 1677 volnus
983 1634 1190 1677 invenere.
1235 1632 1362 1676 funus
1382 1635 1668 1676 maturatum:
1700 1632 1936 1675 ambitiosis

169 1713 214 1757 id
251 1713 447 1768 precibus
485 1715 690 1769 petierat,
731 1727 784 1758 ne
823 1717 1119 1769 amputaretur
1159 1717 1287 1768 caput
1324 1713 1510 1757 ludibrio
1549 1712 1752 1756 futurum.
1799 1713 1936 1756 tulere

264 1840 279 1870 1
318 1842 476 1880 praelium
508 1842 652 1873 exercitii
750 1843 818 1874 rei.
834 1853 864 1882 p.
968 1845 987 1874 2
1025 1845 1159 1882 posteri-1
1193 1841 1246 1883 (ru
1279 1842 1312 1872 in
1344 1842 1390 1872 ris
1423 1845 1496 1871 mut.
1534 1843 1584 1871 lm
1616 1845 1694 1871 nota
1724 1850 1788 1871 non
1821 1838 1936 1878 deleta)

173 1887 193 1916 6
216 1886 350 1926 ειιῇωαε
442 1889 461 1918 7
486 1889 653 1919 uoluntate
746 1889 766 1919 8
802 1898 907 1927 nanq;
1002 1891 1042 1920 11
1077 1888 1318 1927 dign-adirentur
1341 1887 1438 1930 (corr.
1465 1885 1530 1930 lm)
1622 1887 1732 1926 gelida
1753 1885 1758 1928 Ι
1780 1895 1859 1925 eaq3
1885 1896 1934 1916 se-

174 1930 286 1974 dnlluit
378 1934 420 1964 12
445 1933 572 1964 duobus
594 1944 653 1964 om.
745 1935 883 1974 utrimq3
919 1934 1029 1974 (super
1051 1935 1062 1964 i
1088 1943 1148 1964 scr.
1173 1944 1196 1963 v
1224 1935 1288 1974 lm)
1384 1935 1426 1964 13
1451 1933 1595 1963 subdidit
1618 1943 1657 1962 ecc
1680 1932 1828 1963 subsidii-1
1852 1941 1936 1961 corr.

174 1979 226 2056 ἷζε
241 1977 421 2064 §nihl-qm
454 1980 593 2011 Incubut
625 1980 651 2022 (i
675 1989 831 2020 super-scr.
858 1979 923 2022 lm)
1017 1981 1058 2011 15
1094 1979 1217 2019 gemitu
1312 1981 1352 2011 16
1389 1980 1491 2010 uolnfi
1525 1977 1645 2022 (notam
1666 1978 1701 2008 in
1724 1987 1741 2010 s
1772 1982 1846 2008 mut.
1873 1976 1937 2019 lm)

328 2048 338 2065 Ί

174 2139 321 2170 Fratrem
354 2138 451 2179 igitur
477 2139 663 2179 fratrisque
690 2140 799 2181 filium
831 2145 860 2171 et
896 2141 1036 2180 sinyuloz
1066 2140 1200 2179 plorata
1231 2140 1393 2178 utriusqzae
1426 2139 1513 2178 acie,
1550 2150 1617 2170 cum
1644 2139 1777 2170 altmm
1803 2139 1936 2179 pulvino

173 2195 346 2227 amicorum
378 2196 570 2228 cohortatus.
603 2198 699 2229 Lms.
723 2216 767 2221 —
803 2196 945 2241 Servios]
971 2198 1036 2228 Ex·
1071 2196 1278 2236 subdidisset,
1300 2196 1432 2235 foribus
1456 2196 1617 2236 adopertis
1641 2197 1804 2228 artissimo
1829 2205 1937 2227 somno

172 2252 344 2293 spectabas
375 2253 555 2295 Svdpioion
589 2255 647 2286 sed
678 2265 876 2295 praenomen
909 2255 1037 2287 Servius
1071 2254 1194 2293 quievit.
1243 2254 1394 2286 similiter
1417 2255 1457 2286 de
1472 2255 1603 2285 Nerone
1627 2264 1656 2285 c.
1672 2256 1716 2286 49
1741 2253 1937 2285 Suetonius:

173 2310 336 2350 Sulpiciae
365 2311 456 2351 genti
487 2315 554 2344 tam
577 2314 737 2345 familiare
759 2323 856 2353 quam
880 2313 1035 2344 Claudiae
1072 2311 1152 2342 duos
1177 2310 1332 2351 puqiemes
1357 2330 1401 2335 —
1425 2312 1566 2351 arripuit
1587 2316 1799 2352 temptataque
1820 2311 1936 2342 utrius-

174 2367 301 2408 Appius
334 2371 390 2399 aut
422 2369 583 2402 Tiberius.
631 2370 824 2402 Plutarchus
856 2370 969 2401 itidem
993 2370 1033 2401 G.
1072 2379 1130 2408 que
1164 2368 1234 2399 acic
1265 2378 1376 2399 rursus
1409 2369 1561 2400 condidit.
1596 2387 1640 2392 —
1673 2379 1736 2400 non
1768 2369 1938 2400 insomnem

174 2427 213 2457 3:
253 2422 343 2468 μέγα
377 2422 464 2469 ἔχων
495 2421 667 2468 εὐγενείας
698 2422 834 2470 ἀξίωμα
865 2423 922 2461 τὸν
955 2425 1035 2460 Σε-
1071 2424 1145 2469 eyit]
1169 2427 1240 2465 Ita,
1266 2429 1422 2465 quantum
1446 2427 1488 2457 ad
1511 2429 1668 2467 mortem,
1695 2427 1812 2459 Catoni
1837 2425 1937 2457 Otho-

175 2479 334 2524 ρουίων
351 2478 438 2516 οἶκον
455 2483 525 2516 κτλ.
543 2484 653 2516 chx.
674 2502 717 2507 —
726 2484 895 2523 samnliam
906 2482 1033 2527 novam]
1072 2492 1147 2514 nem
1169 2483 1381 2522 aequiparare
1406 2484 1511 2523 potuit
1534 2484 1693 2515 Martialis
1718 2486 1750 2524 6,
1770 2485 1834 2515 32:
1862 2483 1938 2514 Oum

175 2538 314 2571 Salvios.
338 2540 427 2572 Suet.
458 2540 535 2572 Oth.
562 2542 599 2571 1:
634 2542 775 2573 Maiam
813 2541 942 2573 Othonis
976 2541 1040 2572 orti
1073 2539 1229 2571 dubitaret
1258 2540 1363 2571 adhuc
1386 2540 1462 2571 belli
1482 2540 1586 2572 civilis
1609 2542 1704 2581 Enyo
1729 2542 1882 2572 Forsitan
1906 2545 1937 2571 et

174 2601 247 2628 aaut
269 2597 388 2637 oppido
410 2598 591 2639 Ferentino,
608 2599 747 2639 familia
769 2604 869 2631 vetere
891 2604 920 2630 et
942 2600 1036 2630 hono-
1067 2602 1175 2637 poam
1205 2597 1327 2628 vincere
1358 2597 1461 2628 mollis
1498 2598 1594 2638 Otho,
1631 2599 1807 2630 Damnavit
1841 2597 1937 2629 multo

173 2657 251 2685 rata
272 2659 369 2694 atquc
390 2666 429 2686 ex
445 2656 647 2696 principibus
670 2657 835 2688 Etruriae.
861 2674 901 2680 -
933 2655 1038 2686 memi-
1072 2659 1228 2686 staturum
1251 2656 1404 2694 sanquine
1429 2656 1564 2686 Martem
1597 2656 1642 2686 Et
1661 2656 1753 2696 fodit
1776 2660 1862 2686 certa
1879 2665 1937 2695 pc-

173 2711 279 2752 m‘ssct]
303 2712 388 2743 Plut.
415 2711 490 2744 Oth.
518 2715 578 2746 16:
602 2712 692 2756 μήτε
715 2711 937 2747 ἐπιλαθέσθαι
959 2723 1037 2746 παν-

174 2763 303 2802 τάπασι
327 2767 416 2811 μήτε
440 2764 525 2813 ἄγαν
550 2767 779 2812 μνημονεύειν,
802 2766 855 2804 ὅτι
878 2768 1038 2812 Καίσαρα

176 2823 265 2858 Ξεῖον
290 2823 399 2869 ἔσχες.
447 2827 492 2858 At
514 2827 649 2859 nimium
672 2828 858 2859 meminisse
882 2827 972 2858 visus
989 2830 1038 2857 est

177 2881 387 2923 Domitiano,
423 2884 479 2923 qui
502 2884 640 2916 interfici
663 2885 775 2924 iussit,
811 2885 898 2924 quod
930 2884 1037 2924 patrui

177 2939 318 2971 natalem
341 2940 577 2972 celebraverat.
618 2941 705 2973 Suet.
732 2943 774 2973 D.
803 2942 854 2974 10.
895 2946 1038 2973 ceterum

177 2995 219 3027 cs.
244 2995 343 3034 Verg.
367 2998 452 3030 Aen.
477 2999 517 3038 6,
542 3000 608 3031 514
641 2999 769 3030 nimium
793 2999 966 3030 meminisse
988 3008 1039 3029 nc-

177 3060 261 3083 ceuc
282 3057 338 3085 eet.

224 3108 278 3139 49.
332 3110 521 3156 Verqinium]
548 3113 587 3144 de
613 3122 676 3152 quo
704 3117 733 3152 1,
752 3115 782 3145 8.
800 3116 832 3145 9.
850 3114 903 3145 52.
923 3115 974 3145 77.
994 3130 1037 3136 -

172 3164 365 3204 Ρῖισὶθπίόιιε
396 3167 527 3210 duobus]
563 3170 649 3201 Plut.
675 3168 750 3200 oth.
779 3170 840 3200 17':
874 3170 963 3202 δυεῖν
988 3162 1038 3202 ὅν-

178 3230 245 3253 των
275 3217 369 3266 αὐτῷ
400 3222 505 3267 ξιφῶν
541 3222 701 3267 ἑκατέρου
735 3221 966 3267 κατεμάνθανε
999 3222 1037 3258 τὸ

182 3273 324 3319 σπάσμα
346 3276 446 3313 πολὺν
469 3277 584 3324 χρόνον
606 3280 664 3315 καὶ
680 3278 718 3315 τὸ
736 3279 844 3324 ἕτερον
869 3277 1037 3316 ἀπέδωκε.

181 3336 269 3367 Suet.
293 3335 369 3368 oth.
396 3339 458 3370 11:
487 3343 563 3378 pont
595 3340 652 3371 hoc
684 3339 797 3371 sedata
831 3340 886 3371 siti
916 3339 1040 3379 yclidac

181 3403 284 3433 aquae
308 3394 438 3433 potionc
470 3396 609 3437 arripuit
640 3397 717 3429 duos
744 3397 898 3436 puyionea
931 3401 960 3427 ct
990 3407 1039 3428 ez·

1074 2717 1163 2743 ctora
1186 2717 1253 2743 tota
1275 2722 1382 2743 manu.
1431 2713 1480 2744 Sit
1503 2712 1599 2751 C'ato,
1635 2713 1708 2744 dum
1731 2714 1828 2752 vivit,
1861 2722 1938 2744 sane

1073 2769 1121 2800 vel
1154 2769 1290 2800 Caesare
1321 2770 1443 2800 maior.-
1481 2771 1566 2801 Dum
1598 2771 1748 2808 moritur,
1787 2769 1940 2809 numquid

1072 2826 1177 2858 maior
1201 2827 1318 2857 Othone
1332 2827 1426 2866 ficit?
1451 2845 1494 2851 —
1527 2826 1680 2870 incubuit]
1706 2827 1781 2858 Vim
1805 2827 1867 2858 sibi
1889 2830 1936 2858 at·

1074 2884 1148 2915 tulit
1171 2883 1257 2915 Otho
1289 2884 1341 2915 die
1374 2885 1427 2915 16.
1461 2885 1581 2916 mensis
1604 2885 1727 2924 Aprilis
1759 2894 1790 2915 a.
1813 2893 1843 2914 u.
1870 2885 1935 2915 822

1074 2943 1148 2980 post
1171 2940 1248 2972 Chr.
1276 2942 1317 2971 69
1351 2940 1479 2980 imperii
1512 2941 1564 2972 die
1588 2941 1691 2973 XCII.
1739 2942 1780 2972 cf.
1805 2940 1936 2972 Clinton

1074 2997 1168 3028 Fam·
1205 2997 1349 3028 Romani.
1392 2998 1521 3037 Oaeford
1555 3000 1642 3030 1845
1678 3008 1711 3038 p.
1737 2999 1790 3030 54.
1848 2999 1938 3029 Mors

1074 3054 1143 3085 eius
1165 3054 1295 3093 cognita
1317 3055 1441 3086 Romae
1464 3055 1516 3086 die
1544 3057 1594 3087 19.
1619 3066 1662 3086 m.
1686 3054 1823 3095 Aprilis,
1848 3055 1934 3086 infra

1074 3122 1101 3142 c.
1124 3112 1175 3143 55.
1201 3128 1245 3134 -
1268 3110 1454 3152 ambitiosis]
1489 3113 1692 3152 Proprcment
1714 3112 1792 3150 „des
1810 3111 1936 3152 priam

1073 3168 1283 3199 inter-osseam
1329 3168 1519 3200 Ambitiosis
1552 3180 1574 3199 a
1596 3174 1732 3209 rapport
1753 3171 1775 3199 ὰ
1805 3180 1846 3201 ne
1870 3179 1936 3200 am-

1075 3229 1243 3265 putaretur
1258 3229 1355 3265 caput
1370 3225 1510 3256 ludibrio
1527 3226 1679 3257 futurum.
1729 3226 1842 3265 othon,
1859 3226 1937 3267 pr&

1076 3283 1114 3313 de
1137 3283 1267 3319 mour-ir,
1291 3293 1323 3313 se
1347 3282 1488 3322 rappellc
1511 3288 1660 3314 comment
1682 3293 1723 3314 on
1738 3283 1828 3314 avait
1843 3283 1939 3314 traite‘

1076 3340 1120 3370 los
1151 3344 1248 3371 restes
1281 3340 1319 3370 de
1343 3339 1469 3378 Galba,
1506 3344 1534 3371 ct
1566 3339 1592 3370 il
1622 3343 1728 3371 cratnt
1759 3341 1814 3371 des
1835 3341 1937 3380 repri-

1076 3396 1194 3427 saules.
1233 3397 1412 3429 BURNOUF.
1461 3397 1501 3429 cf.
1530 3397 1649 3428 Gerber
1671 3401 1704 3429 et
1729 3397 1833 3437 Greqf
1856 3398 1934 3429 Lex.
