2176 3672
743 267 917 310 LIBER
939 266 1018 310 —1V.
1077 268 1176 321 Cap.
1208 269 1274 311 70.
1307 271 1372 313 71.
1404 270 1471 315 72.
1894 271 1979 314 519

209 380 428 435 dispersas
457 392 631 423 suorum
662 380 808 434 copias
837 381 1091 434 conducunt,
1122 382 1280 425 crebris
1318 383 1486 427 interim
1518 384 1679 427 nuntiis
1707 384 1976 429 Valentinum

208 473 427 514 monuere,
456 473 511 503 ne
531 472 723 503 summae
752 460 816 503 rei
835 460 1066 514 periculum
1098 460 1265 504 faceret.
1325 475 1375 505 eo
1410 463 1599 516 rapidius
1618 463 1805 518 Cerialis,
1834 465 1978 509 missis

207 541 254 584 in
274 540 640 593 Mediomatricos,
669 540 741 594 qui
761 539 958 582 breviore
981 540 1133 583 itinere
1154 540 1341 594 legiones
1364 543 1406 584 in
1436 542 1600 584 hostem
1620 548 1848 596 verterent,
1877 556 1975 587 con-

207 625 348 665 tracto
377 621 493 675 quod
532 625 626 662 erat
655 620 838 662 militum
871 619 1129 673 Mogontiaci
1158 626 1446 675 quantumque
1487 634 1628 665 secum
1671 628 1976 676 transvexerat,

207 701 349 745 tertiis
379 701 532 743 castris
561 699 817 753 Rigodulum
849 700 987 752 venit,
1026 713 1149 754 quem
1190 701 1326 743 locum
1355 713 1508 754 magna
1538 701 1808 745 Trevirorum
1849 715 2009 752 manu5

205 780 459 825 Valentinus
488 781 717 831 insederat,
747 779 960 822 montibus
981 785 1056 822 aut
1076 779 1253 823 Mosella
1273 793 1395 823 amne
1425 786 1646 835 saeptum3
1677 788 1722 824 et
1750 781 1977 824 addiderat

205 861 346 905 fossas
365 860 591 915 obicesque
611 872 822 903 saxorum.
855 871 933 902 nec
953 861 1199 903 deterruere
1221 873 1272 903 ea
1285 861 1547 903 munimenta
1559 861 1791 902 Romanum
1813 862 1976 914 ducem,

205 954 291 998 quo
319 941 460 984 minus
489 940 678 994 peditem
709 951 983 993 perrumpere
1003 939 1181 991 iuberet,
1211 940 1401 993 equitum
1432 940 1565 982 aciem
1596 940 1638 981 in
1660 939 1807 982 collem
1839 942 1974 995 erige-

205 1026 287 1075 ret,
316 1025 466 1075 spreto
496 1020 632 1073 hoste,
662 1031 786 1073 quem
818 1025 977 1062 temere
1008 1018 1229 1062 collectum
1258 1018 1372 1060 haud
1403 1019 1464 1060 ita
1493 1018 1586 1061 loco
1614 1019 1773 1070 iuvari,
1816 1026 1864 1062 ut
1892 1031 1974 1062 non

206 1102 306 1157 plus
336 1101 427 1144 suis
456 1101 500 1142 in
531 1101 690 1142 virtute
720 1099 843 1142 foret.
903 1099 1075 1153 paulum
1097 1111 1240 1141 morae
1269 1099 1312 1141 in
1343 1110 1535 1151 ascensu,
1564 1100 1663 1140 dum
1694 1098 1873 1141 missilia
1902 1099 2032 1148 ho-10

205 1183 335 1225 stium
365 1180 708 1235 praevehuntur:
739 1184 789 1222 ut
818 1183 990 1222 ventum
1022 1179 1064 1221 in
1094 1190 1257 1231 manus,
1287 1178 1504 1221 deturbati
1532 1178 1679 1220 ruinae
1709 1178 1833 1219 modo
1852 1190 1973 1231 prae-

205 1261 450 1317 cipitantur.
510 1266 555 1303 et
583 1272 683 1314 pars
714 1259 901 1314 equitum
933 1258 1204 1312 aequioribus
1240 1258 1351 1311 iugis
1381 1257 1662 1300 circumvecta
1692 1256 1976 1300 nobilissimos

205 1341 448 1396 Belgarum,
478 1341 520 1383 in
551 1341 647 1395 quis
675 1341 824 1382 ducem
857 1338 1143 1391 Valentinum,
1183 1338 1308 1390 cepit.
1378 1337 1469 1390 (72)
1499 1335 1676 1379 Cerialis
1705 1341 1876 1390 postero
1906 1337 1976 1379 die

206 1421 414 1465 coloniam
446 1421 716 1463 Trevirorum
737 1420 956 1473 ingressus
976 1422 1056 1468 est,
1086 1418 1210 1459 avido
1229 1417 1363 1459 milite
1382 1417 1593 1459 eruendae
1614 1416 1809 1458 civitatis.
1844 1416 1976 1459 »hanc

205 1514 301 1547 esse
330 1501 532 1553 Classici,
572 1500 681 1542 hanc
711 1499 881 1541 Tutoris
921 1498 1126 1551 patriam;
1166 1497 1316 1538 horum
1347 1496 1508 1539 scelere
1539 1495 1707 1538 clausas
1746 1508 1976 1549 caesasque
1991 1512 2031 1542 15

205 1579 407 1634 legiones.
440 1578 545 1632 quid
563 1581 730 1620 tantum
753 1575 1004 1619 Cremonam
1025 1576 1242 1626 meruisse,
1261 1587 1387 1629 quam
1409 1588 1433 1618 e
1453 1575 1614 1629 gremio
1625 1575 1775 1617 Italiae
1795 1581 1975 1628 raptam,

204 1659 307 1714 quia
325 1659 452 1702 unius
472 1658 610 1701 noctis
632 1669 793 1699 moram
815 1656 1046 1699 victoribus
1067 1655 1289 1698 attulerit?
1319 1661 1436 1698 stare
1462 1655 1504 1697 in
1525 1653 1703 1696 confinio
1722 1654 1976 1697 Germaniae

204 1739 414 1792 integram
446 1737 592 1780 sedem
624 1736 771 1789 spoliis
801 1736 1061 1778 exercituum
1090 1740 1135 1777 et
1163 1735 1315 1776 ducum
1346 1733 1547 1777 caedibus
1572 1739 1781 1777 ovantem.
1813 1735 1974 1787 redige-

204 1818 325 1858 retur
354 1815 515 1868 praeda
545 1814 589 1856 in
619 1811 794 1857 fiscum:
825 1814 931 1866 ipsis
962 1812 1157 1856 sufficere
1186 1814 1305 1867 ignes
1336 1819 1379 1856 et
1409 1812 1579 1856 rebellis
1610 1813 1798 1856 coloniae
1818 1814 1975 1865 ruinas,

205 1893 360 1948 quibus
390 1898 455 1936 tot
485 1898 723 1936 castrorum
753 1893 918 1935 excidia
946 1898 1264 1946 pensarentur«
1329 1891 1506 1934 Cerialis
1540 1897 1657 1935 metu
1695 1892 1908 1944 infamiae,
1938 1893 1976 1934 si
1991 1910 2032 1939 ρο

203 1974 380 2018 licentia
409 1974 671 2027 saevitiaque
701 1972 875 2016 inbuere
906 1973 1082 2015 militem
1103 1974 1362 2025 crederetur,
1393 1972 1549 2025 pressit
1577 1972 1686 2015 iras:
1717 1977 1760 2014 et
1781 1983 1975 2025 paruere,

205 2055 348 2108 posito
379 2054 533 2097 civium
566 2053 676 2096 bello
706 2053 762 2095 ad
792 2058 970 2096 externa
990 2053 1279 2095 modestiores.
1337 2052 1546 2095 convertit
1564 2052 1663 2094 inde
1682 2052 1844 2094 animos
1865 2050 1974 2092 acci·

342 2241 359 2269 1
399 2238 570 2269 ualentim’i
593 2236 652 2280 (nt-1
676 2248 714 2268 ex
738 2248 777 2276 υς
802 2247 887 2268 corr.
925 2240 1001 2275 ln.)
1119 2238 1138 2266 3
1176 2239 1279 2266 fiteret
1301 2234 1335 2277 (n
1360 2245 1517 2274 superse-r.
1546 2233 1621 2277 ln.)
1733 2236 1754 2265 4
1790 2235 1976 2264 traduxerat

202 2285 388 2325 Nipperdey
481 2285 501 2315 6
525 2286 622 2323 septi-x
715 2285 735 2314 8
759 2283 844 2314 ἒοΙΙέ
866 2282 986 2323 (notan
1010 2292 1105 2322 saper
1129 2292 1146 2312 c
1170 2282 1229 2312 del.
1260 2281 1335 2322 lm.)
1427 2282 1566 2320 erigeret
1589 2280 1626 2310 b.-
1650 2280 1784 2318 frigeret
1874 2280 1895 2310 9
1919 2281 1976 2307 aut

201 2331 239 2369 (h
262 2339 420 2370 εφη-ιον.
449 2327 525 2372 ln.)
643 2331 684 2360 15
725 2338 881 2367 eesasque
977 2331 1017 2359 18
1058 2329 1177 2359 ducum
1202 2327 1287 2356 det:
1308 2329 1349 2357 οιῑ
1464 2328 1505 2357 20
1545 2331 1630 2356 metu
1655 2322 1708 2355 ⁶²:
1743 2331 1861 2364 ameitu
1896 2324 1974 2360 (ele-

202 2378 326 2408 mentia
359 2386 401 2407 an
426 2381 514 2406 metu
537 2375 678 2415 Lipsau,
703 2375 925 2405 moderazione
949 2383 991 2404 an
1016 2378 1104 2404 metu
1128 2371 1242 2414 Rimr)
1333 2374 1372 2403 21
1402 2372 1583 2410 seuitiaque

201 2536 303 2568 ten-'in
319 2535 447 2576 mm]
473 2535 573 2566 tridui
598 2534 714 2565 itinere
731 2534 892 2570 eonseem,
909 2538 944 2564 ut
961 2536 993 2569 3,
1015 2535 1072 2564 15:
1101 2532 1346 2572 precedunt-w,
1372 2530 1404 2560 id
1421 2534 1482 2567 eet,
1511 2529 1816 2568 »praetervolant‹;
1836 2526 1869 2556 id
1887 2526 1973 2565 quod

202 2593 385 2624 madiae
408 2592 532 2623 Verona
555 2591 682 2622 castris.
700 2609 743 2613 —
761 2587 962 2632 Riqodulun]
980 2591 1073 2620 vicus
1108 2587 1307 2626 significaret
1355 2587 1520 2616 »hostium
1560 2586 1641 2615 ictus
1691 2592 1826 2623 prorsus
1866 2583 1974 2612 irritos

202 2650 334 2682 Galliae
367 2649 519 2687 Belgicae
552 2648 594 2678 ad
619 2648 800 2686 Mosellam,
836 2656 901 2677 uon
935 2650 1029 2683 longe
1054 2620 1302 2676 a¹mnnsisse‹.
1336 2661 1379 2666 —
1412 2647 1533 2672 emtum
1555 2641 1590 2671 εἴη
1612 2640 1736 2680 mnus]
1762 2649 1821 2678 pro
1847 2637 1975 2676 vulgari

206 2706 353 2738 Treviris
378 2706 520 2736 secundo
545 2705 687 2742 flumine,
712 2704 744 2735 h.
771 2703 853 2735 Riol.
888 2720 930 2726 ——
963 2703 1073 2733 monti}
1088 2711 1091 2731 ι
1107 2701 1154 2731 ad
1174 2710 1298 2739 manus,
1335 2704 1370 2729 ut
1403 2699 1544 2729 edebant
1577 2703 1652 2728 ante
1678 2696 1838 2736 Ryekium
1862 2699 1976 2725 eontra

204 2763 263 2795 bus
284 2768 342 2794 ω
366 2761 514 2802 Mosella]
552 2771 590 2792 ex
616 2770 679 2791 uno
704 2762 806 2790 latere
830 2759 1008 2799 montibus,
1033 2769 1071 2789 ex
1088 2735 1091 2786 ξ
1108 2758 1194 2789 Med.
1230 2757 1302 2786 Liv.
1332 2759 1363 2793 2,
1387 2757 1442 2794 46,
1468 2756 1508 2785 8:
1542 2764 1653 2794 paq-na
1687 2753 1752 2782 ian
1783 2752 1818 2781 ἀι
1851 2760 1975 2788 nonu,

203 2821 307 2852 altero
331 2820 481 2851 Mosella.
506 2836 548 2841 —
571 2814 819 2859 praeadmiror]
853 2816 925 2846 dnm
949 2817 1073 2854 equites
1107 2814 1172 2844 iam
1194 2812 1241 2843 ad
1261 2811 1391 2851 qlod-'os
1407 2829 1449 2835 —
1466 2815 1604 2842 meat.

204 2878 311 2909 nostri
328 2876 566 2918 praeemantur
587 2873 725 2904 missalia
742 2870 910 2916 (accuset.)
926 2872 1090 2909 hostium„
1155 2871 1208 2901 72.
1256 2866 1426 2911 madae]
1475 2867 1619 2898 funditus
1660 2864 1830 2895 delendae.
1888 2872 1974 2893 sum·

203 2944 265 2974 pro
288 2934 417 2974 vulgari
444 2933 542 2964 »dum
568 2932 691 2970 equites
723 2931 863 2960 hostium
892 2920 1200 2996 missilibusiptum
1238 2936 1255 2956 e
1292 2925 1429 2962 Virgilio
1465 2926 1547 2955 Aen.
1583 2926 1615 2960 2,
1641 2924 1723 2953 611:
1762 2924 1919 2957 mamque
1953 2928 1975 2947 a

205 2991 346 3031 expositi
370 2994 489 3021 suntet:
508 2988 757 3030 praevehunwr,
782 2992 816 3016 ut
840 2995 950 3025 saepe,
986 2986 1072 3015 idem
1107 2981 1232 3014 nedibus
1246 2981 1352 3012 urben
1369 2981 1476 3011 Emit.
1495 2980 1581 3010 Ean.
1599 2996 1635 3000 ——
1658 2975 1853 3015 Ore-nonan]
1872 2977 1905 3011 8,
1920 2975 1974 3004 83.

205 3053 256 3080 eet
278 3048 367 3087 quod
396 3046 696 3087 praetervehuntur.
742 3048 827 3073 recte
851 3041 989 3081 'thierry
1016 3042 1071 3071 ΙΙΙ.
1110 3057 1149 3063 ——
1175 3039 1288 3069 dmm
1313 3034 1475 3079 caedibus]
1501 3035 1678 3066 Hordeonii
1702 3042 1730 3063 e.
1750 3033 1804 3068 36,
1830 3030 1975 3061 Voculae

204 3114 239 3145 p.
262 3105 350 3136 42⁷:
375 3108 445 3135 m
470 3101 572 3142 qu’ils
589 3101 703 3141 suu-ent
726 3109 764 3130 en
787 3098 867 3129 bunc
892 3108 958 3129 aaz
969 3107 1074 3128 ames
1108 3106 1136 3127 c.
1156 3098 1208 3133 59,
1235 3095 1389 3125 Herennii
1408 3103 1444 3123 ae
1469 3091 1606 3123 Numisii
1624 3100 1652 3122 e.
1673 3090 1726 3120 70.
1745 3106 1785 3111 —
1803 3085 1973 3126 &fison-⁸]

140 3153 146 3159 ¹
205 3161 344 3194 &orda
367 3169 573 3201 nequaquam
590 3168 669 3189 vero
682 3158 915 3196 explices'cum
930 3154 1073 3185 Baebio:
1090 3181 1092 3196 Ι
1110 3152 1267 3184 Caesaris.
1306 3168 1347 3173 -—
1383 3150 1430 3180 ad
1461 3153 1591 3179 oaxen-m:
1621 3142 1836 3187 nodosam-u]
1877 3146 1908 3182 1,
1933 3145 1974 3174 79

206 3219 306 3250 ’dnm
322 3219 446 3249 milites
462 3216 604 3247 evadere
620 3219 780 3246 conantur
804 3214 885 3243 ictus
900 3211 1070 3242 missilium
1090 3213 1091 3224 ¹
1108 3208 1269 3239 convenis
1318 3207 1366 3236 ad
1403 3205 1493 3236 civile
1542 3203 1653 3234 ullum
1691 3201 1808 3232 minis
1846 3205 1975 3231 mma

205 3275 382 3307 hostium«.
419 3283 526 3313 neque
558 3271 741 3312 probabilis
776 3274 827 3301 est
859 3266 1073 3299 Strombeekii
1088 3246 1092 3294 Ῐ
1108 3265 1175 3296 eisne
1193 3273 1272 3294 oum
1294 3262 1496 3293 habebat-w.
1534 3264 1616 3291 Anu.
1645 3261 1698 3298 11,
1715 3259 1758 3289 84
1782 3255 1976 3288 macida

205 3331 448 3372 interpretatio:
475 3329 551 3361 dun
573 3328 712 3360 „incilia
733 3325 917 3371 (nominat.)
941 3297 1091 3355 hosti-m!
1108 3321 1195 3352 doni
1216 3321 1304 3359 φάει
1338 3324 1367 3349 α
1400 3318 1554 3349 σάτα-Μ
1578 3320 1708 3347 mm
1731 3313 1905 3352 florui-ue.
1933 3329 1975 3335 —
