2176 3672
698 325 871 369 LIBER
897 324 951 370 II.
1011 325 1111 380 Cap.
1135 327 1202 370 32,
1235 327 1302 371 33.
1332 328 1398 370 34.
1432 327 1497 370 35.
1900 327 1982 370 337

207 453 388 495 namque
416 443 460 483 et
479 452 573 483 cum
602 440 696 494 ipso
723 440 1034 494 praetoriarum
1056 440 1292 484 cohortium
1313 446 1357 485 et
1376 442 1686 496 speculatorum
1708 442 1983 496 equitumque

209 519 354 564 valida
381 532 532 573 manus
561 520 760 563 discessit
788 523 833 563 et
861 521 1169 563 remanentium
1198 520 1360 565 fractus
1390 522 1568 575 animus,
1599 522 1768 576 quando
1798 522 1984 575 suspecti

210 589 352 653 duces,
382 602 426 643 et
455 584 587 653 Otho,
618 600 686 642 cui
714 599 788 642 uui
818 600 934 652 apud
962 599 1139 643 militem
1168 599 1295 654 fides,
1327 602 1425 644 dum
1458 606 1501 645 et
1530 602 1622 656 ipse
1650 615 1733 644 non
1762 601 1846 644 nisi
1876 600 1985 644 mili-

209 678 326 723 tibus
356 680 502 732 credit,
532 679 710 733 imperia
739 679 894 721 ducum
922 679 965 721 in
996 679 1157 741 incerto
1187 681 1429 735 reliquerat.

324 759 417 813 (34)
446 758 563 802 Nihil
583 771 726 801 eorum
748 757 999 801 Vitellianos
1019 758 1207 813 fallebat,
1229 760 1399 815 crebris,
1420 764 1471 804 ut
1490 761 1531 803 in
1554 760 1667 804 civili
1687 760 1812 815 bello,
1843 764 1983 804 trans·
2022 772 2041 802 5

211 837 360 892 fugiis:
404 841 448 882 et
487 838 775 892 exploratores
817 850 920 880 cura
961 839 1131 882 diversa
1174 841 1415 883 sciscitandi
1455 853 1534 883 sua
1573 853 1655 883 non
1700 840 1981 884 occultabant.

208 919 343 973 quieti
371 918 606 972 intentique
637 917 818 961 Caecina
847 930 896 961 ac
926 917 1106 971 Valens,
1149 921 1317 974 quando
1358 920 1494 963 hostis
1523 921 1798 974 inprudentia
1827 924 1985 974 rueret,

209 999 323 1054 quod
360 997 452 1041 loco
495 998 733 1052 sapientiae
774 1001 860 1051 est,
903 997 1083 1040 alienam
1128 999 1355 1043 stultitiam
1397 1000 1746 1055 opperiebantur,
1789 1001 1985 1044 inchoato

209 1080 339 1133 ponte
368 1078 595 1121 transitum
625 1077 733 1120 Padi
774 1077 1022 1120 simulantes
1062 1079 1266 1122 adversus
1306 1079 1543 1134 obpositam
1581 1080 1867 1133 gladiatorum
1897 1094 1986 1123 ma-

213 1171 338 1211 num,
381 1170 431 1201 ac
470 1170 524 1200 ne
562 1158 750 1211 ipsorum
787 1157 910 1200 miles
950 1169 1077 1210 segne
1114 1159 1248 1202 otium
1290 1163 1458 1203 tereret.
1502 1173 1630 1204 naves
1670 1162 1764 1214 pari
1801 1161 1912 1203 inter
1941 1173 1986 1203 se
2001 1172 2041 1202 10

213 1238 377 1292 spatio,
419 1237 574 1281 validis
603 1238 817 1292 utrimque
845 1236 1036 1280 trabibus
1067 1250 1271 1292 conexae,
1315 1240 1541 1283 adversum
1570 1241 1614 1282 in
1643 1239 1798 1284 flumen
1829 1241 1985 1294 dirige-

209 1317 380 1371 bantur,
410 1317 534 1360 iactis
554 1329 683 1371 super
703 1317 881 1371 ancoris,
911 1329 1020 1371 quae
1049 1316 1294 1362 firmitatem
1323 1320 1465 1373 pontis
1495 1321 1777 1373 continerent3
1809 1321 1884 1362 sed
1913 1333 1986 1362 an-

211 1409 401 1441 corarum
431 1396 554 1440 funes
583 1410 666 1440 non
697 1397 854 1440 extenti
884 1395 1129 1452 fluitabant,
1169 1402 1218 1442 ut
1257 1402 1509 1454 augescente
1545 1399 1718 1443 flumine
1755 1399 1983 1443 inoffensus

212 1477 318 1520 ordo
354 1478 525 1520 navium
567 1477 844 1520 attolleretur.
890 1476 1116 1520 claudebat
1155 1482 1327 1532 pontem
1367 1480 1555 1533 inposita
1593 1481 1724 1523 turris
1766 1483 1810 1522 et
1838 1481 1883 1523 in
1914 1493 1983 1522 ex-

211 1560 389 1600 tremam
419 1570 568 1601 navem
598 1558 770 1611 educta,
800 1557 913 1600 unde
943 1559 1165 1601 tormentis
1196 1571 1246 1602 ac
1274 1559 1478 1603 machinis
1507 1560 1653 1603 hostes
1683 1560 1983 1614 propulsaren-
2002 1572 2041 1603 15

210 1639 295 1680 tur.
339 1638 569 1681 Othoniani
597 1639 639 1680 in
671 1639 767 1692 ripa
795 1638 947 1680 turrim
979 1643 1224 1682 struxerant
1253 1651 1438 1694 saxaque
1468 1644 1513 1684 et
1533 1639 1648 1683 faces
1676 1640 1983 1683 iaculabantur.

213 1717 306 1772 (35)
335 1721 380 1761 et
410 1721 502 1761 erat
531 1718 674 1762 insula,
700 1731 822 1760 amne
851 1718 1002 1772 medi0,
1036 1719 1080 1761 in
1110 1731 1236 1773 quam
1266 1719 1526 1773 gladiatores
1556 1720 1736 1764 navibus
1765 1721 1984 1764 molientes

213 1796 414 1840 Germani
452 1799 592 1841 nando
628 1797 996 1852 praelabebantur.
1043 1811 1091 1842 ac
1120 1798 1231 1843 forte
1260 1799 1404 1854 plures
1445 1803 1735 1855 transgressos
1766 1801 1985 1855 completis

212 1876 449 1920 Liburnicis
478 1890 556 1932 per
584 1878 926 1932 promptissimos
954 1878 1239 1933 gladiatorum
1270 1880 1414 1923 Macer
1444 1881 1714 1935 adgreditur,
1745 1882 1821 1924 sed
1850 1894 1985 1936 neque

306 2017 325 2047 2
361 2019 517 2055 suspectu
609 2017 629 2046 3
665 2020 697 2046 et
721 2020 759 2047 ut
782 2017 859 2047 otho
951 2018 972 2047 4
1006 2018 1041 2047 in
1065 2026 1125 2047 om.
1220 2019 1240 2048 5
1264 2018 1378 2048 Nichil
1472 2021 1490 2049 6
1526 2019 1722 2049 ocultabant
1815 2020 1832 2049 'l
1871 2020 1928 2058 qui
1953 2023 1986 2050 et

214 2062 235 2092 8
270 2061 380 2092 aliena
473 2063 514 2092 12
550 2061 685 2101 insuper
708 2062 779 2093 dett.
872 2063 1026 2093 anchoris
1125 2062 1281 2093 firmitate
1376 2063 1475 2106 ¹2ll3
1512 2065 1695 2095 aehorarfi-
1777 2066 1817 2096 13
1856 2067 1984 2096 extensi

213 2108 310 2183 {cor-r.
337 2105 429 2183 lagga
459 2150 471 2196 )
493 2107 692 2138 fluuitabant
786 2109 827 2139 14
864 2108 970 2139 turbis
994 2111 1026 2149 (r
1050 2118 1144 2147 super
1167 2108 1188 2139 b
1213 2119 1273 2140 sor.
1300 2110 1365 2149 lm)
1460 2111 1501 2141 18
1537 2110 1797 2149 prelabebantur
1820 2110 1985 2153 (perlabe-

239 2157 337 2183 antur
428 2162 457 2182 m

214 2264 358 2310 Person.)
398 2267 547 2298 WAL'ru.
585 2285 628 2290 ——
667 2267 701 2298 in
738 2269 856 2299 incerto
896 2268 1079 2308 reliquerat]
1165 2268 1218 2299 35.
1267 2273 1336 2298 erat
1359 2268 1476 2308 insula]
1502 2268 1563 2299 sub
1582 2270 1825 2300 confluentibus
1842 2270 1981 2301 Adduae

216 2334 312 2356 nemo
337 2324 401 2355 fuit
425 2328 554 2364 certus,
584 2334 686 2364 penes
712 2335 808 2365 quem
834 2335 998 2356 summum
1022 2326 1081 2356 im·
1118 2334 1157 2355 ac
1182 2325 1283 2364 Padi,
1320 2326 1412 2356 mille
1437 2335 1553 2365 passus
1578 2335 1598 2356 a
1621 2326 1694 2365 ripa
1719 2327 1866 2366 distans,
1892 2337 1909 2358 e
1933 2338 1985 2358 re-

216 2381 344 2421 periam
381 2385 485 2419 esset,
525 2382 598 2421 quis
638 2383 789 2422 superior
829 2386 886 2413 aut
927 2383 1077 2413 inferior.
1099 2351 1218 2420 'gione
1234 2382 1301 2413 vici
1318 2383 1418 2413 hodie
1441 2383 1601 2422 appellati
1619 2383 1827 2422 Spinadesco.
1847 2402 1885 2407 -—
1908 2384 1985 2415 Ger-

216 2439 411 2470 WALrnBB.
448 2439 489 2470 ef.
517 2448 543 2469 e.
565 2440 616 2470 39.
1118 2438 1223 2479 mani]
1248 2439 1378 2477 Batavi,
1406 2450 1431 2471 c.
1451 2441 1506 2479 43,
1532 2450 1672 2479 quorum
1690 2441 1731 2471 de
1748 2441 1848 2471 nandi
1874 2441 1984 2472 studio

263 2497 317 2528 34.
364 2495 504 2535 diversa]
543 2496 654 2535 „Dum
681 2495 819 2535 quisque
832 2520 840 2535 ,
878 2497 911 2527 in
937 2497 1080 2527 hostium
1119 2499 1151 2526 et
1167 2499 1237 2527 arte
1254 2496 1296 2526 cs.
1315 2506 1340 2527 c.
1359 2498 1399 2528 17
1418 2500 1451 2527 et
1461 2497 1494 2535 4,
1510 2498 1569 2536 123
1587 2497 1666 2536 Agr.
1680 2498 1733 2536 18,
1751 2499 1838 2527 Ann.
1854 2499 1884 2535 2,
1897 2498 1926 2527 8.
1941 2515 1984 2520 —-

216 2552 368 2592 partibus
401 2556 434 2583 et
458 2552 574 2583 castris
599 2552 677 2591 quid
702 2558 874 2592 ageretur,
910 2554 1082 2593 explorare
1111 2552 1395 2595 praelabebantur]
1419 2556 1509 2584 reete
1533 2554 1597 2583 iam
1621 2554 1776 2594 Micyllus
1800 2555 1910 2584 locum
1935 2554 1983 2584 in-

215 2611 382 2642 tentant.“
407 2610 494 2640 Eun.
522 2628 564 2634 —
588 2610 682 2640 iactis
703 2620 798 2649 super
813 2611 953 2651 ancoris]
978 2620 1079 2640 naves
1119 2610 1287 2642 tellexisse
1312 2611 1464 2649 videtur,
1491 2610 1546 2649 qui
1571 2610 1619 2640 ita
1643 2610 1763 2641 vertit:
1790 2611 1927 2650 „Darzu
1950 2620 1985 2641 so

216 2666 398 2697 fundantur
421 2667 563 2707 ancoris,
587 2670 624 2697 ut
641 2667 809 2707 Vergilius
834 2667 981 2707 loquitur
1000 2668 1079 2698 Aen.
1117 2677 1185 2697 war
1207 2668 1314 2698 mitten
1338 2668 1381 2698 im
1412 2666 1538 2697 Wasser
1570 2667 1621 2697 ein
1644 2667 1731 2698 Insel
1762 2667 1840 2698 oder
1870 2666 1986 2705 Werw,

217 2725 250 2763 6,
275 2725 307 2755 4.
354 2723 444 2763 Ergo
470 2724 568 2755 etiam
593 2734 692 2764 super
725 2725 820 2755 iactis
845 2725 976 2755 ancoris
1001 2724 1081 2755 diri·
1116 2724 1245 2755 welches
1278 2725 1328 2755 als
1354 2725 1420 2755 sich
1445 2724 1494 2755 die
1519 2725 1652 2755 Feehter
1685 2725 1741 2767 mjt
1763 2725 1854 2755 ihren
1879 2724 1986 2762 Schts-

216 2780 378 2820 gebantur
394 2785 509 2813 contra
531 2781 689 2821 impetum
715 2781 870 2812 fluminis.
895 2781 982 2811 ERN.
1018 2781 1081 2811 Fa·
1109 2780 1172 2820 sen
1209 2782 1433 2813 umen-tandm
1472 2781 1713 2820 einzunehmen,
1763 2780 1855 2812 seind
1892 2781 1986 2812 ilmen

218 2837 313 2869 cilior
337 2841 446 2870 tamen
472 2842 521 2869 est
544 2839 796 2879 interpretatio,
838 2841 874 2869 ut
898 2838 942 2868 sit
966 2838 1081 2868 adver-
1117 2838 1168 2868 die
1207 2838 1378 2870 Teutichen
1413 2840 1523 2869 knecht
1560 2838 1616 2870 mit
1655 2839 1752 2869 ikrem
1790 2838 1985 2869 schwimmen

217 2893 308 2925 bium
333 2904 394 2934 pro
417 2896 563 2935 insuper,
591 2901 764 2936 praeterea
772 2907 786 2936 ;
820 2905 908 2935 „non
935 2895 1081 2925 contenti
1117 2896 1388 2927 zuvorkommen.“
1456 2896 1581 2926 Halmii
1622 2895 1871 2936 per-labebantur
1916 2895 1985 2926 lau-

220 2954 316 2982 erant
340 2952 490 2984 trabibus
514 2953 582 2984 illis
606 2954 766 2984 firmando
785 2953 878 2992 ponti
897 2952 1080 2990 destinatis,
1119 2952 1192 2983 dem
1217 2953 1456 2984 Germanorum
1493 2953 1602 2992 tollit,
1639 2954 1695 2993 qui
1730 2952 1830 2982 nandi
1866 2952 1986 2992 peritia

219 3007 277 3038 sed
293 3012 463 3047 praeterea
480 3019 618 3041 ancoras
635 3011 816 3042 iecerunt.“
867 3010 977 3048 Atque
994 3009 1082 3039 hune
1120 3009 1322 3041 celeritatem
1347 3010 1481 3040 navium
1506 3010 1717 3049 praevenisse
1743 3009 1918 3047 dicuntur,
1953 3011 1986 3039 et

220 3073 351 3095 sensum
389 3075 459 3097 esse
494 3067 650 3098 viderunt
684 3067 870 3099 Gutmann:
904 3066 972 3097 und
993 3066 1083 3095 ilber-
1118 3067 1166 3098 sic
1191 3067 1322 3098 demum
1348 3077 1420 3098 voc.
1445 3066 1603 3097 molientes
1637 3065 1849 3097 ut‘otiosum
1884 3066 1984 3096 offen-

221 3120 304 3151 dim
328 3125 388 3153 eet.
414 3127 448 3154 et
471 3123 667 3155 Louandre:
697 3134 737 3155 on
760 3124 850 3169 avait
873 3124 911 3155 de
928 3124 1003 3163 plus
1017 3124 1084 3162 jete'
1120 3124 1177 3154 dit.
1205 3141 1248 3146 —
1283 3123 1474 3165 Liburnicis]
1507 3124 1624 3154 Dictae
1655 3126 1732 3154 sunt
1771 3132 1789 3153 a
1813 3122 1983 3162 Liburnia,

221 3175 275 3208 deu
299 3187 420 3210 ancres.
448 3197 490 3203 —
515 3179 643 3224 educta]
668 3185 704 3212 ut
727 3182 790 3213 hoc
810 3191 842 3212 v.
862 3181 1084 3220 distinguatur
1119 3181 1246 3219 Illyrici
1280 3181 1426 3220 populo,
1464 3190 1601 3219 quorum
1637 3180 1762 3211 auxilio
1798 3189 1872 3210 eum
1906 3189 1985 3210 usus

222 3243 242 3264 a
264 3235 413 3274 praeced.
441 3235 596 3277 inposita,
631 3243 740 3270 vertes
764 3239 1000 3278 voryeschohen.
1041 3238 1082 3269 et'.
1120 3241 1205 3267 esset
1228 3238 1397 3276 Augustus
1421 3236 1511 3268 bello
1535 3237 1672 3268 Actiaco
1698 3241 1731 3269 et
1756 3237 1983 3277 experimento

223 3292 266 3330 5,
295 3293 334 3323 18
369 3301 384 3321 ε
407 3293 505 3332 mole,
531 3305 625 3333 quam
649 3295 792 3327 eductam
815 3297 849 3326 in
873 3296 1011 3327 Rhenum
1035 3306 1083 3326 re·
1121 3294 1293 3325 didicisset
1317 3303 1429 3325 eorum
1455 3303 1555 3325 naves
1580 3294 1621 3324 ad
1647 3294 1798 3326 celeriter
1823 3294 1984 3333 navigan-

221 3348 360 3379 tulimm.
419 3349 568 3381 Tacitum
603 3355 712 3384 autem
747 3354 880 3393 supplet
914 3353 1083 3384 Plutarchi
1121 3351 1197 3382 dum
1235 3352 1353 3382 ceteris
1391 3351 1535 3391 aptiores
1571 3360 1661 3391 esse,
1700 3351 1783 3382 tales
1817 3351 1915 3381 etiarn
1950 3351 1984 3380 in

223 3404 299 3437 oth.
327 3407 368 3438 10
393 3407 538 3438 nan-atio
563 3407 663 3448 digna
686 3419 776 3451 sane,
801 3420 884 3451 quae
909 3411 1047 3450 legatur.
1122 3408 1282 3440 classibus
1306 3408 1463 3439 Romanis
1488 3408 1655 3439 faciendas
1680 3407 1820 3439 curavit.
1851 3407 1893 3441 cs,
1920 3407 1983 3437 Ve-
