2176 3672
0 2980 2 2989 ἡ
0 2944 2 2950 <
0 2860 9 2936 *tv-quw
0 2686 8 2856 vnn-„ww-—v-

742 258 915 303 LIBER
942 257 975 299 1.
1035 256 1136 311 Cap.
1168 258 1213 332 8:
1238 259 1276 302 9.
1299 230 1377 300 io,
1859 255 1942 299 237

169 380 371 435 legiones,
399 378 500 421 dum
528 377 572 419 in
597 375 727 418 Italia
757 375 1023 425 cunctantur,
1042 371 1291 425 Verginium
1319 370 1604 425 legationibus
1624 371 1828 413 adissent.
1867 371 1946 413 sed

167 459 310 515 longis
334 455 693 513 spatiis-discreti
723 455 946 506 exercitus,
975 451 1091 507 quod
1120 451 1446 494 saluberrimum
1475 454 1542 493 est
1567 451 1625 493 ad
1649 450 1944 497 continendam

169 539 397 584 militarem
423 535 563 588 fidem,
591 546 668 577 nec
698 535 814 576 vitiis
843 545 920 576 nec
947 531 1110 575 viribus
1139 531 1436 574 miscebantur.
1491 530 1591 585 ,(10)
1623 531 1775 574 Oriens
1805 530 1946 573 adhuc

170 620 368 662 inmotuS.
425 615 591 671 Syriam
621 618 666 657 et
693 617 900 668 quattuor
927 612 1115 666 legiones
1151 610 1371 653 obtinebat
1399 611 1588 653 Licinius
1617 610 1853 664 Mucianus,
1881 611 1948 653 vir

171 697 367 743 secundis
395 695 671 748 adversisque
698 694 819 736 iuxta
847 692 1049 735 famosus.
1079 691 1265 744 insignes
1296 691 1506 733 amicitias
1532 691 1696 734 iuvenis
1723 690 1947 734 ambitiose
1981 699 2002 729 5

172 777 383 828 colueram
425 788 524 818 mox
565 775 728 817 attritis
775 773 946 828 opibus,
986 771 1149 814 lubrico
1188 774 1329 823 statu,
1369 774 1570 824 suspecta
1609 771 1738 813 etiam
1777 770 1946 813 Claudii

168 856 415 909 iracundia,
456 856 500 898 in
529 859 740 898 secretum
770 854 900 896 Asiae
928 852 1142 907 sepositus
1182 854 1272 893 tam
1310 863 1445 904 prope
1474 850 1526 892 ab
1558 851 1679 894 exule
1707 850 1790 893 fuit
1819 863 1946 905 quam

141 927 323 993 postea
351 948 379 978 a
406 936 609 990 principe.
659 934 831 976 luxuria
859 932 1085 984 industria,
1115 931 1317 974 comitate
1346 930 1623 984 adrogantia,
1652 931 1775 974 malis
1803 931 1946 974 bonis-

170 1028 254 1071 que
281 1015 447 1059 artibus
475 1016 646 1058 mixtus.
677 1014 833 1057 nimiae
856 1013 1114 1067 voluptates,
1132 1024 1227 1054 cum
1247 1014 1443 1053 vacaret:
1474 1011 1670 1065 quotiens
1689 1012 1947 1065 expedierat,

170 1108 352 1150 magnae
390 1096 583 1138 virtutes.
627 1094 771 1149 palam
810 1093 1033 1136 laudares:
1076 1095 1242 1135 secreta
1281 1090 1393 1134 male
1433 1090 1675 1134 audiebant.
1717 1092 1793 1134 sed
1832 1092 1948 1146 apud
1961 1102 2004 1132 ιο

171 1175 410 1228 subiectos,
440 1175 557 1230 apud
584 1175 822 1228 proximos,
852 1173 970 1227 apud
998 1171 1184 1226 collegas
1213 1171 1345 1214 variis
1374 1170 1584 1214 illecebris
1614 1175 1778 1225 potens,
1809 1175 1852 1214 et
1881 1172 1949 1215 cui

173 1256 413 1310 expeditius
454 1254 586 1298 fuerit
628 1254 802 1297 tradere
841 1252 1065 1307 imperium
1111 1264 1239 1306 quam
1282 1251 1485 1294 obtinere.
1528 1251 1686 1294 bellum
1728 1251 1950 1294 Iudaicum

173 1335 349 1379 Flavius
376 1335 668 1389 Vespasianus
699 1334 869 1388 (ducem
898 1345 993 1375 eum
1022 1330 1137 1374 Nero
1170 1331 1407 1386 delegerat)
1438 1331 1577 1374 tribus
1606 1331 1843 1385 legionibus
1874 1333 1949 1374 ad-

171 1414 456 1459 ministrabat.
484 1427 562 1457 nec
576 1414 842 1467 Vespasiano
872 1413 1078 1455 adversus
1098 1411 1278 1454 Galbam
1302 1415 1449 1454 votum
1477 1415 1553 1454 aut
1577 1404 1763 1454 animus:
1793 1412 1952 1466 quippe

172 1492 317 1535 Titmn
353 1490 489 1535 filium
533 1493 590 1535 ad
632 1493 948 1535 venerationem
992 1492 1238 1546 cultumque
1280 1492 1371 1535 eius
1408 1492 1607 1546 miserat,
1645 1495 1695 1535 ut
1737 1505 1815 1535 suo
1855 1492 1949 1535 loco
1965 1502 2006 1532 15

170 1572 509 1616 memorabimus.
569 1572 737 1616 occulta
771 1571 854 1615 fati
883 1576 927 1615 et
955 1572 1136 1615 ostentis
1165 1584 1216 1615 ac
1245 1573 1462 1626 responsis
1492 1573 1753 1615 destinatum
1781 1572 1946 1626 Vespa-

268 1713 286 1742 1
321 1713 491 1742 cunctatur
514 1709 647 1742 clasem
715 1712 735 1742 6
759 1711 898 1742 atteritis
920 1710 980 1742 sed
999 1711 1060 1742 litt.
1083 1720 1101 1742 e
1125 1720 1224 1742 erasa
1294 1713 1313 1743 ‘1
1339 1720 1439 1751 asyae
1504 1711 1667 1751 sepositus
1690 1710 1879 1741 Acidalia-s:
1901 1720 1951 1742 re-

172 1756 301 1797 positus
385 1758 405 1788 9
430 1767 466 1788 ae
489 1757 682 1797 expedierat
703 1756 808 1788 Βίτων
894 1759 935 1789 10
959 1758 1047 1796 male
1131 1760 1172 1788 11
1198 1760 1250 1789 set
1272 1757 1407 1797 Madvig
1487 1759 1528 1789 12
1552 1757 1644 1797 ludei
1667 1766 1740 1788 cum
1764 1756 1861 1799 (corr.
1886 1753 1951 1800 2m)

175 1805 218 1836 13
241 1802 504 1834 amministrabat
575 1804 616 1835 16
640 1803 714 1843 lege
738 1803 798 1834 fati
821 1802 906 1842 dea„
931 1803 990 1834 sati
1013 1803 1049 1833 vi
1074 1803 1216 1842 Madvig.

178 1917 254 1949 dem
277 1917 387 1948 Dione
410 1918 476 1957 64,
499 1919 533 1949 4.
559 1918 740 1958 explicant:
774 1918 854 1949 satis
876 1917 911 1948 id
934 1917 1043 1948 visum
1079 1917 1114 1948 in
1130 1916 1334 1957 provinciam
1356 1916 1559 1948 anzaniam
1590 1917 1692 1957 specie
1713 1916 1882 1956 zeyatwmzs
1906 1926 1950 1948 se—

177 1983 251 2006 esae
281 1973 460 2005 militibus:
495 1975 553 2006 aed
576 1975 803 2015 imperfectum
827 1975 933 2014 magis
954 1975 1046 2005 favet
1074 1975 1193 2015 posuit.
1232 1985 1259 2006 c.
1277 1977 1321 2007 46
1345 1975 1435 2006 Laco
1451 1974 1646 2015 praescotia,
1670 1979 1824 2014 tanquam
1847 1974 1883 2004 in
1906 1974 1953 2004 in-

177 2030 281 2071 priori
303 2029 591 2073 interpretationi.)
615 2049 659 2055 —
693 2031 768 2062 dum
784 2049 828 2055 —
845 2030 1045 2071 cunctantur]
1081 2032 1184 2063 malam
1207 2036 1418 2072 sepner-aur.
1448 2042 1477 2065 c.
1495 2034 1538 2065 88
1563 2033 1715 2073 sepositus
1732 2043 1795 2072 per
1817 2041 1870 2063 eos
1886 2031 1953 2062 dies

178 2087 325 2119 (Ῑίαεεοπὲ
347 2088 608 2120 emendationem
630 2091 667 2118 ut
694 2088 791 2119 nimis
815 2089 972 2119 incertam
995 2098 1046 2119 re·
1083 2088 1246 2121 Cornelius
1283 2089 1454 2121 Dolabella
1491 2090 1526 2121 in
1559 2090 1716 2121 coloniam
1750 2089 1951 2128 Aquinatem.

178 2145 287 2186 cipere
311 2145 482 2176 dubitavi:
514 2154 591 2175 nam
614 2145 697 2176 nihil
719 2145 879 2184 impedire
903 2145 1044 2183 videtur,

178 2202 352 2242 quominus
374 2205 555 2233 statuamus
579 2202 727 2241 legiones
750 2202 899 2242 Illyricas
915 2202 1047 2233 venisse

177 2259 310 2299 quidem
341 2258 376 2290 in
398 2259 549 2297 Italiam,
584 2259 642 2290 aed
666 2268 686 2290 a
709 2258 819 2290 Galba
841 2259 951 2291 statim
975 2269 1047 2290 esse

177 2316 344 2356 remissas,
368 2316 559 2356 priusquam
582 2316 666 2347 vitia
688 2325 727 2347 ac
749 2317 839 2348 vires
862 2317 1048 2348 miscerent.

178 2373 220 2405 cl.
238 2373 396 2411 Isstoener:
420 2372 616 2405 Geachichte
639 2373 698 2404 der
721 2375 801 2404 rom.
826 2374 1048 2413 Kaiserlegio-

182 2439 248 2462 nen
270 2439 304 2470 p.
321 2432 378 2470 4⁷,
403 2432 480 2469 142,
508 2431 585 2469 151,
612 2431 687 2462 154.
722 2440 829 2470 neque
853 2431 998 2470 Tacitus,
1021 2431 1049 2462 si

182 2485 224 2518 de
237 2486 369 2518 Nerone
385 2496 492 2518 sermo
509 2490 605 2526 esset,
622 2488 657 2519 in
667 2487 768 2518 Italia
783 2488 974 2527 addidisset,
991 2488 1048 2519 sed

183 2542 320 2575 dixism
340 2542 415 2574 dem
437 2544 465 2575 iu
488 2548 664 2576 metatur.
688 2563 732 2568 —
765 2555 824 2576 mc
847 2543 945 2588 vitais]
979 2546 1049 2576 Nec

182 2599 266 2631 vitia
286 2609 347 2632 aua
370 2600 456 2632 inter
476 2610 512 2632 ae
527 2602 620 2633 velut
638 2611 701 2642 per
717 2603 945 2643 contagionem
962 2612 1049 2634 com-

182 2657 350 2689 municare
384 2666 446 2689 nec
480 2667 516 2689 ee
549 2659 746 2699 coniungere
780 2663 813 2691 et
847 2660 937 2692 vires
973 2669 1048 2691 suas

182 2717 295 2746 mutuo
317 2723 438 2756 augere
459 2718 620 2755 poterant.
645 2716 732 2747 Eun.

230 2773 282 2804 10.
329 2771 474 2803 Ila-initu
497 2772 678 2815 Mucianus]
702 2773 755 2805 De
780 2773 817 2805 C.
833 2773 961 2804 Licinio
978 2773 1048 2804 Mu·

182 2828 277 2860 ciano
292 2829 425 2870 scripsit
439 2829 478 2860 L.
492 2829 614 2862 vam.
631 2830 766 2871 Lipsiae
785 2831 884 2862 1870.
909 2834 959 2861 ter
974 2840 1049 2862 con-

182 2886 235 2917 ml
258 2886 337 2918 fuit:
371 2887 427 2918 Ia.
451 2887 515 2919 inc.
541 2890 617 2919 ante
641 2897 670 2920 a.
696 2889 749 2927 87,
774 2889 850 2920 Ila.
877 2888 930 2926 ⁷0,
954 2888 1047 2919 1112.

185 2943 228 2975 ‘18
261 2942 338 2986 (loe.
363 2943 480 2975 Klein.-
500 2944 594 2976 Fasti
618 2946 808 2977 consulares
831 2948 894 2976 etc.
917 2944 1050 2984 Lipsiae

187 2998 302 3042 1881.)
324 2999 453 3033 Plinius
474 3011 507 3034 n.
532 3001 566 3034 h.
593 3003 654 3042 12,
682 3004 719 3042 1,
745 2995 954 3034 sinicium
978 3002 1050 3032 Mu-

185 3054 297 3087 eniam
317 3061 367 3088 ter
384 3057 495 3090 conoul
516 3063 545 3089 α
558 3069 660 3099 nuper
675 3060 947 3099 provinc-iacente
970 3059 1049 3098 (Ly—

186 3110 271 3150 ciae)
292 3111 423 3151 leuatum
448 3132 492 3138 ——
527 3114 685 3160 suspecta]
720 3126 837 3156 quam,
873 3116 932 3147 etsi
964 3116 1050 3147 haud

1083 2149 1115 2185 2,
1152 2149 1194 2180 63
1227 2147 1262 2178 in
1293 2148 1352 2179 col.
1386 2148 1470 2186 Aqu.
1496 2148 1673 2187 sepositum.
1709 2147 1751 2178 cf.
1776 2145 1953 2177 Boetticher

1083 2205 1165 2236 Lex.
1190 2204 1266 2236 Tac.
1294 2222 1336 2228 —
1365 2209 1482 2244 postea
1504 2215 1527 2235 a
1542 2202 1704 2247 principe]
1737 2205 1789 2235 De
1823 2213 1887 2242 qua
1915 2212 1952 2234 re

1084 2261 1195 2292 multis
1218 2261 1252 2292 in
1277 2261 1362 2292 libro
1386 2262 1541 2294 secundo.
1566 2262 1703 2292 szmt.
1728 2279 1774 2284 —
1810 2259 1952 2300 expedie-

1083 2318 1147 2359 rat]
1183 2318 1345 2358 Expedire
1378 2319 1433 2350 hic
1464 2319 1627 2358 signifieat
1655 2319 1690 2350 in
1714 2318 1952 2358 expeditionem

1085 2376 1156 2407 sive
1181 2376 1223 2406 ad
1239 2375 1364 2407 bellum
1383 2376 1556 2416 proficisci,
1581 2379 1617 2407 ut
1632 2376 1719 2406 infra
1734 2375 1771 2406 C.
1786 2377 1841 2407 88.
1864 2375 1950 2405 Ean.

1085 2434 1180 2464 Hanc
1202 2437 1311 2465 autem
1334 2442 1448 2464 veram
1479 2443 1552 2464 esse
1574 2433 1876 2473 interpretationem
1899 2432 1952 2462 de—

1085 2494 1246 2522 monstrat
1278 2490 1466 2530 oppositum
1498 2494 1650 2528 vacaret,
1686 2490 1783 2530 pleno
1807 2483 1862 2520 ubi
1886 2489 1952 2519 otio

1085 2547 1258 2579 frueretur.
1307 2547 1374 2578 Alii
1406 2547 1514 2579 minus
1547 2551 1635 2579 recte
1668 2547 1748 2577 illud
1775 2549 1950 2586 exponunt,

1087 2604 1238 2643 „quoties
1262 2604 1292 2635 ei
1316 2603 1535 2642 conduxerat,
1567 2604 1768 2644 profuerat,“
1806 2606 1842 2633 ut
1864 2602 1951 2634 Lou-

1085 2661 1219 2692 andrea
1240 2661 1323 2692 maie
1346 2660 1372 2691 il
1393 2661 1503 2700 αυαίε,
1538 2671 1582 2691 au
1605 2660 1729 2698 besoin,
1754 2659 1792 2690 de
1814 2659 1951 2698 ,mandes

1085 2722 1198 2749 ver-tua
1223 2735 1268 2741 —
1285 2717 1412 2759 palam]
1436 2718 1529 2757 quasi
1552 2714 1594 2750 τὰ
1619 2713 1820 2759 ἀναφανδόν,
1844 2717 1878 2748 in
1898 2716 1950 2756 iis,

1086 2784 1170 2815 quae
1211 2775 1322 2815 palam
1360 2774 1488 2815 agebat.
1529 2776 1666 2806 Dmmx.
1703 2791 1748 2796 —
1787 2772 1950 2813 laudares]

1086 2827 1222 2875 ἐπῄνεις
1245 2826 1306 2870 ἄν,
1338 2836 1417 2864 tunc
1448 2841 1521 2863 cum
1554 2830 1698 2862 vivebat.
1725 2847 1768 2853 -
1804 2827 1952 2872 collaque]

1086 2888 1238 2929 intellige
1283 2889 1445 2928 Iudaeae,
1494 2887 1739 2928 Cappadociae,
1794 2887 1950 2927 Aegypti,

1086 2945 1218 2976 omnino
1252 2946 1463 2977 finitimarum
1496 2944 1739 2985 provinciarum
1772 2943 1950 2984 praesideo,

1086 3006 1121 3034 ut
1136 3003 1217 3043 Agr.
1231 3004 1263 3035 9.
1287 3003 1398 3034 ΒΔοιῑ.
1414 3020 1459 3026 -
1485 2999 1599 3044 votum]
1621 3003 1657 3032 ut
1672 3010 1830 3041 oppresso
1846 2999 1953 3032 Galba

1086 3060 1156 3100 ipse
1180 3059 1366 3101 principatu
1388 3060 1568 3101 potiretur-3
1593 3067 1654 3089 nec
1676 3057 1822 3097 alioquin
1845 3057 1887 3088 ab
1912 3066 1951 3089 eo

1086 3116 1248 3148 alienatus
1271 3120 1351 3149 erat.
1377 3133 1421 3139 ——
1444 3125 1501 3147 auo
1525 3112 1609 3157 loco]
1635 3115 1674 3152 2,
1700 3115 1731 3144 1.
1752 3130 1798 3138 —
1829 3113 1951 3144 occulta

186 3173 398 3210 proruperat,
429 3174 538 3203 tamen
561 3172 698 3204 timebat
719 3174 889 3205 Mucianus
913 3174 1050 3211 ideoque
1076 3173 1159 3214 satu]
1193 3170 1259 3213 „td
1291 3169 1420 3214 κρυπταὶ
1451 3171 1516 3214 τῆς
1540 3168 1764 3213 εἱμαρμένης,
1800 3180 1951 3202 “emm

187 3223 400 3258 libentiaaime
435 3226 470 3259 in
500 3229 613 3260 Asiam
646 3231 788 3262 secessit.
823 3247 866 3253 —
901 3234 1051 3261 secretum
1087 3230 1250 3269 quandam
1283 3231 1383 3261 fuisse
1416 3229 1475 3259 fati
1496 3227 1755 3260 necessitatemf‘
1803 3227 1951 3259 Arbitra-

186 3280 297 3321 Δάαι]
330 3282 362 3321 ³,
386 3284 430 3315 68
451 3290 573 3317 secreta
596 3285 792 3327 Campaniae
800 3298 814 3326 ,·
836 3288 923 3318 Anu.
948 3289 980 3325 4,
1007 3288 1048 3318 ⁵7
1087 3286 1171 3317 rium
1194 3290 1244 3318 eat
1265 3287 1527 3328 supplementum
1550 3285 1616 3323 loqe
1628 3283 1710 3323 sati.
1734 3300 1778 3308 —
1811 3280 1951 3325 ostentis]

187 3336 293 3376 Rhodi
304 3343 432 3371 secreto.
450 3358 490 3365 —
516 3343 679 3385 apuam]
703 3353 730 3377 c.
751 3345 791 3377 13
816 3348 990 3384 mpedum
1006 3360 1051 3366 —
1089 3344 1119 3381 2,
1146 3344 1198 3374 τε.
1222 3344 1254 3381 4,
1280 3344 1334 3375 81.
1373 3342 1437 3374 mo
1462 3342 1515 3380 ee,
1542 3343 1572 3373 1.
1612 3340 1699 3372 snat.
1725 3340 1824 3380 Vesp.
1850 3340 1881 3371 5.
