2176 3672
818 241 921 299 Cap.
955 242 993 285 1.
1021 242 1062 285 2.
1092 242 1132 285 3.
1818 243 1899 288 151

146 357 331 404 Romni
356 360 401 401 et
427 355 669 399 libertatem
698 359 869 399 senatus
910 359 954 398 et
983 355 1283 398 conscientiam
1319 355 1488 411 generis
1528 355 1702 398 humani
1739 356 1901 400 aboleri
1933 397 1938 404 ,

146 430 471 491 amabantur,
502 430 693 486 expulsis
716 428 893 485 insuper
912 429 1148 485 sapientiae
1168 429 1477 484 professoribus
1497 433 1625 485 atque
1646 430 1760 473 omni
1789 430 1902 473 bona

146 504 314 558 mih
337 490 532 547 exsilium
561 507 668 554 acta,
708 518 763 546 ne
793 504 896 561 quid
934 517 1114 560 usquam
1151 503 1375 546 honestum
1413 507 1667 546 occurreret.
1706 503 1899 547 dedimus

145 577 335 639 Μ
363 577 526 634 grando
555 577 789 633 patientiae
819 578 1139 631 documentum3
1172 581 1215 620 et
1244 578 1352 620 sieut
1370 581 1494 620 vetus
1523 581 1642 620 aetas
1661 577 1768 620 vidit
1797 578 1900 634 quid

142 651 335 717 fflum
375 651 421 694 in
456 651 655 694 libertate
697 655 821 706 esset,
866 652 926 695 ita
963 666 1040 695 nos
1083 649 1185 708 quid
1227 651 1271 693 in
1314 651 1532 704 servitute,
1576 650 1776 708 adempto
1819 665 1898 708 per
1915 671 1932 698 5

128 710 431 794 *ultiones
460 725 589 768 etiam
618 725 821 781 loquendi
849 726 1136 782 audiendique
1166 725 1428 768 commercio.
1461 725 1709 767 memoriam
1729 738 1899 781 quoque

44 832 52 838 ,.
73 796 274 862 *m
302 813 400 842 oum
431 812 533 842 voce
562 798 905 855 perdidissemus,
935 801 971 842 si
1000 804 1088 842 tam
1114 800 1159 842 in
1179 802 1324 841 nostra
1342 802 1553 854 potestate
1576 802 1687 841 esset
1707 797 1899 844 oblivisci

136 870 266 930 quain
301 876 458 916 tacere.

519 872 578 929 (3)
614 887 728 915 nuno
771 873 941 916 demum
977 873 1090 916 redit
1125 873 1308 926 animus3
1354 871 1430 914 sed
1467 885 1724 927 quamquam
1761 873 1897 928 primo

34 1001 43 1015 ᾖ
68 923 77 957 ³⁴
135 946 278 990 statim
320 945 552 990 beatissimi
595 947 755 991 saeculi
802 951 899 990 ortu
946 947 1094 991 Nerva
1138 946 1296 989 Caesar
1344 959 1413 988 res
1462 945 1563 987 olim
1607 945 1895 989 dissociabiles

227 1052 256 1083 3.
273 1039 453 1083 oecurr'e'B.
472 1067 513 1073 -·
531 1054 561 1083 4.
579 1051 703 1092 prande
719 1062 777 1084 om.
795 1053 830 1083 B.
850 1046 889 1074 ⁴-
908 1053 938 1083 6.
952 1051 1050 1083 etiam
1065 1052 1110 1083 A:
1127 1055 1159 1082 et
1174 1052 1208 1082 B.
1223 1047 1308 1092 -ΞΒ,
1322 1049 1425 1081 rediit
1441 1050 1582 1090 Spengel.
1601 1067 1632 1071 -—

134 1111 166 1139 ct
180 1107 207 1139 Δ
222 1106 259 1138 Β.
278 1123 317 1129 —
338 1110 368 1139 9.
385 1107 591 1140 dissolubiles
607 1110 641 1140 B.

135 1197 228 1235 (Anu.
245 1198 297 1229 IV.
322 1195 390 1239 35).
415 1199 514 1239 Ipsam
537 1209 600 1230 rem
623 1199 870 1231 administrabant
892 1199 990 1230 victi-

133 1243 244 1275 marii.
273 1243 338 1277 Liv.
353 1245 416 1276 11..
432 1245 487 1280 29,
509 1247 562 1276 14:
598 1245 680 1276 libri
702 1245 740 1276 in
763 1245 892 1276 comitio
915 1245 991 1285 iyne

133 1298 156 1320 a
177 1288 378 1330 visebat-iis
397 1289 497 1330 sacto
523 1290 563 1322 in
591 1295 758 1330 conspectu
778 1289 900 1329 populi
922 1299 990 1321 cre-

131 1333 216 1366 mati
229 1339 316 1367 καί.

177 1378 436 1412 clarissimorum
449 1379 679 1420 inqeniorumL
698 1381 837 1411 nimirum
854 1381 989 1420 ipsorum

131 1424 324 1466 nuptorum,
339 1434 402 1456 non
417 1435 530 1460 eorum,
556 1435 682 1466 quorum
699 1426 804 1456 laudes
821 1426 987 1456 ediderant.

131 1470 211 1500 Aun-
224 1469 289 1501 XV.
306 1472 346 1502 41
365 1475 567 1502 mnumenta
582 1471 786 1512 ingeniorum
801 1472 942 1511 antiqua
957 1476 989 1503 et

129 1513 329 1555 incorrupta.
345 1516 396 1547 IV.
411 1517 448 1547 61
470 1521 670 1547 monumenta
685 1516 801 1556 ingeni
813 1517 885 1548 eius
897 1516 989 1548 haud

125 1559 269 1600 perinde
283 1561 476 1592 retinentur.

174 1605 213 1636 in
234 1605 391 1645 comitioJ,
413 1607 434 1638 i.
452 1616 479 1639 e.
496 1616 532 1638 eo
548 1607 625 1644 loco,
643 1607 695 1638 ubi
712 1610 813 1638 sontes
829 1608 935 1647 poenis
951 1617 986 1638 ac

129 1650 290 1691 suppliciis
304 1651 823 1694 afficiebantur.1.iv.xxl1.5·1‚3
841 1652 880 1683 L.
902 1651 985 1683 Can-

129 1695 227 1727 tilius
242 1711 277 1718 -
297 1707 318 1727 a
330 1697 487 1737 pontifice
501 1698 641 1729 maximo
655 1713 701 1719 -
716 1698 823 1738 viv-qis
838 1698 875 1728 in
887 1698 983 1728 comi-

130 1740 178 1772 tio
199 1746 322 1773 onem
345 1742 628 1784 Plin.ep.1V.11‚
649 1745 689 1774 10
714 1753 784 1774 cum
800 1743 837 1774 in
854 1743 983 1774 comitio

128 1786 235 1827 viv-qis
249 1786 446 1819 mederetur.
479 1789 638 1820 Comitium
653 1790 745 1819 situm
760 1791 824 1819 erat
838 1789 923 1819 iuxta
937 1789 980 1819 fo-

129 1840 195 1863 rum
211 1831 377 1864 Romanum
390 1843 409 1864 s.
419 1835 646 1874 septentrionali
658 1835 722 1865 eius
738 1837 823 1874 parte
835 1834 873 1864 ab
886 1843 982 1874 eoque

127 1876 244 1908 Rostris
266 1879 418 1910 veteribus
442 1883 622 1920 separatum.
661 1882 772 1911 Ascon.
790 1880 829 1910 ad
847 1880 908 1911 Cic.
925 1889 980 1919 pro

127 1922 190 1954 ml
217 1925 250 1954 5.
274 1933 305 1964 p.
328 1927 371 1956 43
396 1926 488 1956 Orell.
527 1926 593 1957 Hoc
615 1929 715 1957 autem
738 1926 804 1956 loco
829 1926 981 1956 comitium

127 1977 198 2008 pars
208 1969 266 2000 fori
277 1971 471 2010 intellegitun
484 1973 605 2003 additur
617 1982 687 2003 vero
700 1981 738 2003 ac
745 1971 834 2012 soro,
850 1976 884 2003 ut
895 1981 979 2002 accu-

127 2015 222 2046 ratius
236 2016 431 2057 significetur,
453 2028 520 2049 eum
536 2018 634 2049 locum
651 2019 800 2049 delectum
817 2028 894 2059 esse,
919 2028 980 2058 quo

126 2059 230 2091 nullus
244 2065 324 2092 esset
345 2062 459 2094 Romae
473 2064 668 2104 frequentior.
703 2064 847 2095 Similiter
862 2064 980 2095 locutus

127 2105 263 2138 eumin.
280 2107 310 2138 h.
328 2117 358 2139 ιι.
375 2109 439 2141 XV.
459 2111 511 2150 18,
530 2111 570 2140 ‘17
599 2109 719 2141 colitur
728 2109 816 2150 ficus
832 2109 928 2140 arbor
943 2110 981 2140 in

117 2149 200 2190 soro
213 2151 286 2192 ipso
300 2162 339 2184 ac
353 2155 504 2195 comitio;
520 2158 622 2186 contra
637 2155 803 2209 simplicius
819 2155 886 2186 Tae
901 2156 979 2186 Ann.

125 2196 208 2228 xm.
226 2199 267 2229 58
283 2198 492 2232 Ruminalem
506 2201 652 2232 arborem
668 2200 707 2231 in
721 2201 861 2232 cmnitio.

170 2243 326 2285 scilicetJ,
342 2254 397 2285 per
411 2247 576 2277 irrisionem
594 2246 718 2286 dictum,
734 2249 768 2277 ut
782 2247 860 2277 Anu.
874 2247 925 2277 VI.
936 2248 978 2278 23

126 2287 254 2320 scilicet
263 2289 368 2322 medio
376 2292 521 2323 triennio
533 2290 686 2324 defuerat
693 2297 815 2332 tempus
821 2285 986 2323 mabeundi'

126 2333 289 2366 iudicium
303 2337 469 2368 consulari
484 2337 556 2369 seni
562 2345 572 2378 3
595 2339 634 2369 of.
652 2339 731 2371 Anu.
747 2338 801 2368 IV.
819 2339 860 2369 35
878 2337 979 2369 libros

125 2378 272 2416 (Cremuti
288 2378 392 2422 cordi)
402 2393 467 2423 per
481 2382 610 2415 aediles
626 2382 812 2415 cremandos
829 2393 979 2415 censuere

122 2429 252 2466 patr-015
266 2426 325 2458 sed
336 2433 534 2469 mmmm,
557 2429 713 2461 occultati
729 2434 760 2460 et
776 2428 869 2460 editi.
909 2428 979 2466 Quo

122 2470 228 2510 maqis
249 2473 431 2504 socordiam
453 2483 560 2506 eorum
589 2474 774 2507 irridere
798 2474 887 2514 libet,
919 2474 980 2516 qui

117 2517 289 2556 praesenti
296 2519 449 2558 potentia
464 2518 599 2551 credunt
614 2521 864 2561 eztinquiposse
880 2521 980 2551 etiam

123 2563 290 2602 sequentis
303 2565 381 2596 aevi
394 2566 587 2597 memoriam.

167 2617 273 2640 vocem
291 2609 415 2650 populi
436 2610 602 2650 Romani}
641 2612 864 2643 Ann.111.11
891 2611 981 2642 haud

121 2652 211 2685 alias
234 2654 394 2687 intentior
403 2656 545 2696 populus
554 2657 639 2711 plue
650 2658 717 2689 sibi
739 2658 776 2688 in
797 2657 979 2699 principem

122 2697 267 2731 occultae
282 2701 371 2732 vocis
393 2706 451 2733 aut
471 2702 654 2742 suspicacis
675 2703 806 2736 silentii
813 2703 976 2742 permisit.

167 2745 398 2777 macientiam
413 2747 540 2787 generis
557 2748 715 2788 humani]
735 2749 872 2790 eandem,
887 2758 975 2789 quam

122 2789 200 2820 Ann.
217 2790 267 2821 IV.
280 2793 320 2823 35
339 2792 414 2823 dicit
428 2794 592 2832 sequentis
607 2794 685 2825 aevi
699 2795 890 2825 memoriam.
908 2795 975 2824 Non

122 2838 250 2877 potent,
266 2837 374 2877 inquit,
393 2839 543 2878 impediri,
569 2840 730 2892 quominus
755 2841 844 2870 etiam
862 2840 974 2879 posteri

114 2881 241 2921 <scimus
257 2886 400 2922 quantam
414 2884 533 2915 laudem
550 2885 606 2916 viri
622 2886 694 2916 clari
718 2885 773 2926 illi,
800 2886 888 2916 editis
905 2886 975 2925 pul·

121 2925 275 2958 cherrimis
291 2927 386 2966 libris,
404 2931 592 2961 meruissent.

164 2972 435 3013 arbitrabanturJ,
468 2975 658 3007 Domitianus
683 2979 713 3007 et
737 2977 885 3007 scelerum
911 2978 974 3007 eins

166 3040 311 3103 expulsa}
333 3065 467 3105 insuper
498 3067 680 3107 sapientiae
707 3067 973 3108 professoribusJ.

122 3104 187 3137 noe
199 3107 259 3140 abl.
275 3110 340 3140 abs.
353 3111 539 3149 significatur
549 3122 660 3143 novum
673 3114 782 3150 scelus,
796 3114 879 3153 quod
891 3122 972 3143 acce-

123 3149 169 3181 dit
189 3152 228 3183 nd
250 3163 295 3194 ea,
319 3165 397 3195 quae
420 3166 511 3197 supra
533 3161 649 3189 narrata
672 3162 752 3194 sunt,
782 3159 888 3189 eodem
912 3158 973 3188 fere

123 3196 254 3247 *oppon
268 3200 394 3233 factum.
419 3203 494 3233 Nam
511 3213 550 3242 m,
575 3207 608 3234 ιιι
630 3204 758 3239 videtur,
778 3205 819 3234 94
844 3204 971 3243 sapien-

123 3239 404 3284 sesemen-ores,
417 3248 437 3279 i.
450 3257 476 3278 e.
487 3249 677 3288 philosophi
688 3250 751 3280 sive
764 3250 972 3289 philosophiae

122 3290 326 3327 Pmptores
348 3297 479 3324 senatus
494 3293 638 3325 consulto
660 3295 759 3325 eiecti
780 3300 876 3334 atque
893 3295 970 3325 urbe

122 3334 153 3362 et
167 3330 275 3365 Italia
289 3335 460 3370 interdicti
476 3343 560 3371 sunt.
586 3339 660 3370 Gell.
679 3339 740 3370 XV.
762 3341 813 3376 11,
834 3342 863 3370 8.

1651 1049 1710 1081 sed
1723 1051 1893 1091 Bipontini:

1069 1199 1158 1230 omni
1163 1198 1246 1229 bona
1253 1194 1340 1236 arte]
1349 1198 1370 1229 i.
1377 1207 1404 1228 e.
1413 1198 1561 1235 omnibus,
1568 1199 1600 1229 in
1607 1198 1717 1238 quibus
1724 1199 1894 1238 exemplum

1036 1245 1134 1274 bonae
1141 1244 1212 1274 artis
1224 1244 1329 1275 inerat.
1342 1243 1447 1283 Itaque
1453 1253 1510 1274 ars
1517 1243 1651 1275 hocloco
1660 1244 1892 1276 similiterinter-

1036 1289 1182 1330 pretanda
1197 1292 1253 1327 est,
1270 1298 1305 1319 ac
1321 1298 1347 1321 c.
1368 1291 1384 1319 1
1401 1288 1520 1319 virtus.
1558 1289 1628 1328 Ipsa
1642 1293 1742 1320 autem
1757 1299 1806 1320 res
1822 1290 1892 1320 illu-

1036 1337 1147 1365 stratur
1163 1335 1215 1370 eis,
1233 1343 1311 1374 quae
1322 1334 1437 1365 Plinius
1445 1334 1669 1374 dieitPanegyr.
1686 1335 1739 1375 47,
1758 1337 1772 1365 1
1795 1335 1893 1374 Quem

1035 1381 1185 1411 honorem
1200 1379 1335 1410 dicendi
1350 1379 1527 1419 myistris,
1553 1389 1649 1419 quam
1672 1379 1892 1419 dignationem

1035 1425 1220 1467 sapientiae
1237 1424 1421 1455 doctoribus
1436 1424 1553 1456 habes!
1567 1429 1604 1455 ut
1619 1425 1676 1456 suh
1693 1430 1722 1456 te
1738 1425 1893 1466 spiritum

1036 1476 1066 1502 et
1088 1470 1279 1510 sanquinem
1310 1474 1340 1500 et
1363 1469 1512 1509 patriam
1542 1475 1731 1510 receperunt
1760 1470 1891 1501 studia!

1034 1526 1116 1555 quae
1126 1516 1277 1556 priorum
1293 1519 1466 1555 temporum
1489 1515 1677 1547 immanitas
1699 1515 1816 1547 exiliis
1827 1525 1889 1555 pu-

1033 1561 1156 1601 niebat,
1191 1569 1263 1591 cum
1292 1560 1359 1591 sibi
1390 1560 1544 1591 vitiorum
1574 1561 1714 1591 omnium
1744 1561 1890 1592 conscius

1026 1606 1182 1647 princeps
1197 1605 1353 1637 inimicas
1368 1605 1465 1636 vitiis
1489 1610 1577 1636 artes
1600 1615 1663 1636 non
1686 1605 1762 1637 odio
1785 1606 1890 1646 maqis

1033 1661 1127 1692 quam
1142 1651 1326 1683 reverentia
1349 1650 1517 1690 releyaret.
1558 1651 1644 1682 Unde
1667 1654 1699 1682 et
1721 1651 1889 1682 liberalium

1031 1699 1139 1728 artium
1155 1697 1255 1728 studia
1271 1699 1302 1726 et
1316 1696 1411 1726 bonas
1427 1699 1506 1727 artes
1523 1697 1605 1736 apud
1621 1697 1756 1728 Tacitum
1771 1697 1887 1727 intelle-

1031 1743 1129 1782 genda
1144 1752 1210 1773 esse
1225 1745 1358 1782 apparet.

1075 1787 1281 1825 occurreretJ.
1298 1788 1441 1818 Germ.33
1451 1787 1548 1818 iuxta
1561 1788 1727 1819 Tencteros
1733 1788 1888 1820 Bructeri

1029 1834 1107 1864 olim
1122 1833 1339 1865 occurrebant.

1075 1878 1220 1910 dedimus
1229 1878 1390 1918 profecto.
1413 1878 1466 1908 Vis
1483 1879 1699 1915 affirmationis,
1718 1889 1795 1919 quae
1806 1881 1886 1911 inest

1029 1925 1061 1955 in
1076 1925 1223 1955 vocabulo
1234 1923 1395 1963 profecto,
1419 1927 1544 1962 augetur
1565 1926 1632 1964 ipsa
1653 1925 1736 1955 verbi
1758 1926 1884 1958 colloca-

1029 1971 1119 2001 tione.
1145 1971 1234 2001 Dare
1247 1970 1476 2010 docuonentum,
1494 1973 1528 2000 ut
1543 1970 1622 2000 dare
1634 1971 1885 2009 experimentum

1029 2019 1065 2049 A.
1081 2017 1161 2047 XIII.
1187 2018 1239 2048 24.
1263 2017 1328 2047 XV.
1348 2018 1409 2054 243
1432 2015 1512 2047 dare
1536 2016 1711 2056 exemplum
1733 2017 1812 2048 XVI.
1831 2019 1882 2049 32.

1073 2068 1163 2095 vetus
1179 2064 1295 2106 aetasJ,
1310 2065 1422 2095 liberae
1437 2065 1481 2095 rei
1491 2064 1645 2103 publicae,
1661 2067 1695 2095 ιιι
1711 2073 1736 2095 c.
1757 2066 1786 2095 1.

1072 2109 1222 2141 ultimum
1244 2110 1282 2141 in
1306 2110 1481 2148 libertatej.
1520 2110 1671 2148 Intellegit
1694 2113 1826 2141 extrema
1850 2119 1886 2140 ae

1027 2157 1147 2188 turbida
1170 2157 1280 2187 liberae
1311 2157 1354 2187 rei
1385 2158 1524 2197 publicae
1555 2159 1701 2196 tempora.
1741 2156 1885 2187 Similiter

1028 2203 1130 2233 cicero
1154 2203 1241 2234 Tusc.
1264 2202 1300 2233 V.
1324 2203 1377 2239 25,
1398 2206 1437 2234 71
1463 2204 1641 2244 invenitur,
1670 2205 1751 2244 quid
1772 2205 1816 2237 sit
1845 2218 1877 2222 -

1027 2253 1200 2279 extremum
1216 2249 1254 2279 in
1270 2248 1371 2285 bonis,
1389 2249 1469 2289 quid
1483 2250 1523 2280 in
1537 2249 1634 2281 malis
1648 2251 1807 2282 ultimum.

1073 2293 1329 2334 inqnisitionesL
1347 2298 1475 2326 secretas
1492 2296 1667 2333 delatorum,
1693 2298 1800 2337 quales
1816 2307 1881 2328 nar-

1027 2343 1129 2371 rantur
1144 2340 1220 2370 Anu.
1240 2340 1278 2370 11.
1295 2341 1348 2371 27.
1373 2341 1424 2372 IV.
1445 2342 1497 2372 69.

1409 2431 1441 2462 G.
1468 2434 1498 2463 3.

1065 2488 1174 2528 primo
1197 2487 1333 2526 statim}
1381 2489 1494 2521 Horum
1527 2490 1685 2521 verborum
1709 2494 1879 2532 utrumque,

1026 2535 1168 2574 quoniam
1183 2535 1262 2565 idem
1287 2535 1465 2577 significant,
1489 2536 1611 2567 alterius
1635 2538 1695 2567 vim
1725 2540 1824 2578 auget,
1848 2541 1881 2567 ιιι

1024 2581 1056 2610 in
1072 2580 1211 2611 sollemni
1227 2580 1295 2610 illo:
1313 2580 1423 2619 primo
1440 2581 1550 2612 statim
1566 2582 1707 2613 adventu
1724 2592 1749 2614 e.
1767 2593 1796 2622 q.
1811 2592 1833 2613 S.
1853 2593 1878 2613 s.

1069 2636 1223 2677 saeculiJ,
1240 2638 1303 2668 eius
1315 2639 1431 2673 aetatis,
1450 2648 1527 2678 quae
1544 2643 1573 2669 et
1592 2640 1705 2669 Nervae
1722 2639 1878 2678 imperium

1024 2686 1053 2713 et
1069 2682 1186 2713 Traiani
1210 2683 1295 2713 initia
1318 2684 1533 2723 complectitur.
1570 2685 1620 2715 Sic
1644 2685 1730 2714 etiam
1756 2685 1796 2715 H.
1816 2685 1838 2714 Ι.
1858 2687 1876 2716 3

1024 2727 1183 2759 saeculum
1199 2729 1272 2759 dicit
1289 2738 1352 2759 eam
1370 2732 1508 2765 aetatem,
1534 2740 1611 2770 quae
1627 2739 1645 2759 a
1665 2730 1774 2760 Galbae
1791 2731 1876 2761 initio

1023 2774 1061 2803 ad
1077 2774 1240 2804 Domitiani
1256 2775 1408 2804 interitum
1426 2776 1555 2814 pertinet
1576 2776 1768 2815 pluriumque
1784 2775 1876 2815 impe-

1023 2821 1151 2849 ratorum
1169 2823 1304 2859 tempora
1319 2820 1460 2850 continet.

1067 2874 1162 2913 ortuJ.
1187 2876 1375 2906 Manifestum
1394 2880 1439 2906 est
1455 2878 1605 2907 saeculum
1628 2879 1792 2917 comparari
1809 2887 1875 2909 cum

1021 2921 1084 2951 sole
1102 2922 1148 2951 vel
1165 2922 1262 2951 sidere
1281 2931 1346 2951 cum
1364 2922 1476 2951 laetitia
1492 2924 1690 2961 spectantium
1706 2924 1829 2955 oriente.

1067 2977 1175 3008 Nerva
1195 2977 1339 3015 CaesarJ.
1376 2978 1510 3008 Fuerunt
1532 2980 1584 3018 qui
1603 2989 1638 3009 ex
1655 2989 1690 3009 eo
1714 2980 1796 3019 quod
1814 2990 1874 3011 non

1021 3023 1214 3062 praeponitur
1226 3023 1295 3053 Divi
1309 3033 1427 3062 nomen,
1445 3024 1591 3054 immerito
1605 3025 1782 3063 colligerent
1793 3026 1874 3057 hunc

1021 3068 1128 3098 librum
1147 3068 1213 3098 vivo
1230 3069 1327 3098 Nerva
1343 3078 1407 3099 esse
1424 3070 1620 3108 compositum
1645 3074 1776 3101 extremo
1793 3072 1873 3110 prin·

1020 3114 1136 3152 cipatus
1153 3114 1216 3143 eius
1234 3117 1377 3153 tempore,
1396 3124 1456 3154 quo
1473 3114 1616 3145 Traianus
1641 3125 1762 3147 consors
1780 3117 1872 3147 tribu-

1020 3159 1114 3188 niciae
1139 3159 1296 3209 potestatis
1325 3163 1395 3189 erat.
1430 3160 1490 3190 Sed
1516 3169 1592 3200 quse
1615 3162 1717 3200 paullo
1742 3165 1811 3201 post
1834 3163 1872 3192 de

1019 3204 1114 3243 ipsius
1138 3203 1253 3234 Traiani
1279 3194 1365 3235 laude
1390 3208 1420 3235 et
1435 3215 1459 3235 c.
1480 3207 1520 3236 44
1546 3206 1583 3236 de
1607 3207 1712 3237 eodem
1737 3209 1870 3247 principe

1019 3250 1154 3287 legimus,
1179 3259 1214 3279 es
1229 3250 1270 3279 ita
1285 3260 1317 3280 se
1342 3250 1462 3291 habent,
1487 3254 1521 3282 ut
1543 3251 1628 3282 nulla
1650 3253 1690 3283 sit
1712 3253 1869 3289 dubitatio,

1018 3295 1092 3334 quin
1108 3294 1157 3324 hic
1173 3294 1248 3325 liber
1261 3295 1433 3326 referendus
1446 3297 1485 3326 sit
1498 3297 1535 3327 sd
1552 3297 1667 3328 Traiani
1683 3299 1870 3337 imperatoris

1018 3339 1188 3380 primordia.
1226 3340 1345 3371 Similes
1368 3341 1459 3381 locos,
1483 3342 1534 3373 ubi
1559 3346 1692 3374 mortuus
1708 3344 1806 3374 Nerva
1828 3345 1869 3374 its
