2176 3672
676 234 850 279 LIBER
877 235 910 279 Ι.
969 234 1070 290 Cap.
1103 235 1170 279 38.
1202 236 1269 280 39.
1299 236 1368 280 40.
1397 237 1465 280 41.
1877 235 1961 280 263

188 361 239 393 ac
266 350 553 405 proximorum
576 348 762 403 diffugia,
791 349 1090 404 languentibus
1113 351 1299 394 omnium
1330 352 1498 405 studiis,
1529 352 1603 407 qui
1630 351 1769 406 primo
1799 351 1961 395 alacres

186 429 312 474 fidem
342 433 470 486 atque
504 430 691 478 animum
713 432 1044 473 ostentaverant.
1106 430 1200 486 (40)
1232 431 1436 485 agebatur
1455 431 1539 475 huc
1561 432 1662 475 illuc
1685 431 1822 475 Galba
1843 432 1962 474 vario

187 510 339 555 turbae
366 509 612 554 fluctuantis
634 509 817 564 inpulsu,
849 510 1068 564 completis
1092 511 1279 566 undique
1297 511 1486 554 basilicis
1508 524 1558 554 ac
1578 512 1762 566 templis,
1791 511 1962 566 lugubri

185 593 427 647 prospectu.
466 602 602 645 neque
630 589 778 644 populi
808 592 884 632 aut
912 590 1048 644 plebis
1079 591 1167 634 ulla
1190 604 1282 645 vox,
1314 593 1389 634 sed
1420 592 1593 635 attoniti
1620 591 1760 635 voltus
1790 595 1835 635 et
1864 603 1960 635 con-

186 683 336 715 versae
364 672 419 714 ad
449 671 589 714 omnia
617 683 752 713 auree.
797 683 880 713 non
904 671 1125 724 tumultus,
1156 684 1238 714 non
1261 672 1392 726 quies,
1423 672 1549 727 quale
1578 672 1721 725 magni
1749 675 1888 715 metus
1919 675 1962 715 et
1997 680 2018 712 5

186 763 365 806 magnae
393 751 484 795 irae
508 750 728 805 silentium
757 753 834 794 est.
894 750 1052 794 Othoni
1090 754 1231 794 tamen
1272 753 1429 794 armari
1466 752 1631 806 plebem
1670 751 1960 796 nuntiabatur.

185 819 533 886 ire'praecipites
564 834 608 875 et
637 843 845 885 occupare
873 830 1064 886 pericula
1092 831 1221 875 iubet.
1266 832 1399 885 igitur
1429 832 1587 875 milites
1616 832 1807 886 Romani,
1838 833 1962 887 quasi

185 910 467 965 Vologaesum
497 914 573 955 aut
597 911 804 955 Pacorum
835 912 949 955 avito
973 911 1277 955 Arsacidarum
1307 912 1413 955 solio
1443 913 1664 967 depulsuri
1691 925 1741 955 ac
1769 926 1853 956 non
1883 913 1960 955 im-

185 995 427 1048 peratorem
456 1005 578 1036 suum
609 992 811 1035 inermem
842 995 885 1034 et
914 1004 1055 1035 senem
1086 993 1303 1035 trucidare
1331 995 1580 1046 pergerent,
1617 993 1797 1036 disiecta
1825 992 1960 1047 plebe,

184 1071 430 1128 proculcato
451 1075 614 1125 senatu,
645 1074 787 1115 truces
812 1072 953 1126 armis,
984 1072 1124 1126 rapidi
1156 1072 1275 1127 equis
1304 1071 1443 1115 forum
1473 1073 1726 1127 irrumpunt.
1767 1085 1844 1116 nec
1864 1073 1960 1116 iHos
1974 1083 2017 1114 ιο

187 1151 388 1207 Capitolii
418 1155 615 1207 aspectus
646 1155 690 1195 et
718 1152 1027 1195 imminentium
1056 1151 1310 1206 templorum
1332 1152 1481 1206 religio
1505 1156 1548 1196 et
1571 1154 1735 1207 priores
1762 1156 1805 1196 et
1826 1152 1961 1196 futuri

185 1232 400 1288 principes
429 1236 640 1286 terruere,
679 1245 762 1287 quo
791 1232 931 1275 minus
960 1230 1149 1275 facerent
1178 1232 1337 1286 scelus,
1380 1234 1500 1276 cuius
1529 1232 1643 1276 ultor
1674 1236 1740 1276 est
1769 1234 1959 1288 quisquis

185 1313 400 1357 successit.
460 1312 554 1368 (41)
585 1313 676 1356 viso
705 1312 937 1356 comminus
969 1315 1229 1355 armatorum
1261 1313 1428 1366 agmine
1457 1313 1702 1356 vexillarius
1734 1314 1960 1357 comitatae

187 1392 366 1436 Galbam
396 1393 582 1436 cohortis
614 1392 812 1447 (Atilium
842 1391 1127 1445 Vergilionem
1156 1391 1290 1435 fuisse
1319 1393 1515 1447 tradunt)
1547 1394 1767 1447 dereptam
1799 1393 1960 1436 Galbae

186 1473 413 1528 imaginem
443 1473 533 1516 solo
563 1471 739 1516 adflixit.
785 1485 834 1515 eo
863 1473 984 1526 signo
1014 1470 1241 1515 manifesta
1268 1473 1312 1515 in
1333 1472 1543 1516 Othonem
1563 1474 1749 1516 omnium
1777 1474 1961 1517 militum
1975 1483 2016 1514 15

186 1553 352 1606 studia,
382 1554 598 1596 desertum
627 1552 730 1606 fuga
758 1552 905 1607 populi
933 1551 1083 1605 forum,
1114 1553 1322 1596 destricta
1351 1554 1556 1596 adversus
1586 1553 1830 1597 dubitantes
1861 1554 1959 1598 tela.

185 1634 306 1678 iuxta
335 1632 472 1677 Curtii
509 1634 648 1676 lacum
688 1633 974 1687 trepidatione
1010 1631 1236 1675 ferentium
1276 1631 1414 1675 Galba
1451 1633 1665 1687 proiectus
1705 1647 1728 1677 e
1767 1634 1873 1678 sella
1912 1647 1962 1678 ac

185 1713 434 1769 provolutus
465 1716 542 1756 est.
587 1716 819 1756 extremam
849 1713 939 1756 eius
968 1724 1134 1767 vocem,
1176 1716 1226 1755 ut
1255 1713 1407 1768 cuique
1441 1714 1586 1756 odium
1624 1718 1700 1757 aut
1735 1715 1961 1758 admiratio

186 1793 292 1848 fuit,
321 1794 439 1837 varie
467 1794 717 1848 prodidere:
760 1793 834 1837 alii
863 1793 1115 1848 suppliciter
1144 1793 1432 1846 interrogasse
1460 1794 1564 1848 quid
1592 1794 1694 1838 mali
1722 1795 1960 1848 meruisset,

283 1922 303 1952 2
329 1921 567 1952 ostentauerint
644 1922 666 1952 4
689 1924 854 1960 trospectu
879 1917 1068 1963 (prospectu
1091 1919 1120 1956 b,
1144 1923 1278 1959 aspectu
1303 1918 1339 1959 a)
1408 1929 1566 1951 conuerse
1646 1923 1666 1953 6
1693 1926 1770 1960 post
1792 1921 1959 1952 silentium

187 1971 239 1999 eet
260 1977 383 1998 crucem
407 1966 555 2010 (lacunae
577 1967 699 2005 signum
709 1965 738 2007 ἒ)
761 1975 919 2006 aper-scr.
944 1968 996 1997 2m
1065 1965 1161 2005 plebe
1185 1967 1307 2004 (notam
1329 1965 1407 1996 add.
1433 1968 1499 2006 2m)
1522 1966 1638 2006 plebes
1661 1967 1763 1997 Riuer
1843 1969 1885 1998 10
1909 1976 1960 1998 ra-

187 2013 273 2054 pidis
290 2012 364 2044 dea.
437 2013 477 2044 13
504 2013 661 2044 successit
675 2012 733 2043 sed
747 2012 839 2044 sitin
855 2021 975 2042 rasura
1046 2013 1087 2042 14
1114 2010 1256 2042 Galbam
1272 2011 1463 2043 Rhenanus.-
1485 2012 1583 2052 galbe
1652 2012 1755 2043 adilifi
1827 2015 1869 2044 18
1892 2022 1960 2044 em-

189 2060 320 2091 miretio
394 2060 434 2091 19
459 2058 551 2099 uarie
574 2058 713 2099 prodere
782 2057 957 2089 meruisset
980 2060 1013 2088 et
1035 2057 1134 2088 Halm

189 2183 267 2205 roeo
297 2173 341 2204 ad
373 2173 461 2204 hunc
492 2174 599 2205 locum
632 2173 795 2204 collectos.
830 2189 876 2196 —
909 2170 1056 2212 diffugia]
1086 2170 1209 2211 plebem
1239 2180 1362 2211 quoque
1385 2176 1414 2203 et
1438 2172 1569 2203 servitx'a
1592 2182 1658 2212 pro
1689 2171 1813 2204 Viteuw
1836 2173 1965 2203 armari

188 2231 270 2262 Voc.
301 2240 388 2262 nunc
423 2224 515 2270 ἅπαξ
547 2227 739 2272 εἰρημένον,
773 2230 948 2261 formatum
979 2238 999 2259 a
1022 2239 1056 2259 v.
1092 2227 1308 2259 nuntiabatur.
1355 2229 1517 2261 Bitterum
1551 2239 1616 2261 non
1650 2230 1851 2269 sequendum
1888 2239 1961 2262 esse

189 2288 342 2328 diffugere
364 2287 407 2318 ad
423 2287 527 2318 instar
543 2297 598 2317 vv.
616 2286 782 2326 refugium,
807 2287 977 2327 suffugium
994 2290 1054 2318 etc.
1092 2287 1186 2317 docet
1216 2285 1356 2325 Wolfflin
1378 2286 1499 2318 Philol.
1524 2289 1587 2326 26,
1617 2288 1691 2318 118.
1722 2305 1768 2310 —
1810 2287 1960 2327 Vologae-

188 2347 300 2377 BAcn.
349 2345 412 2375 Vv.
450 2344 562 2375 Tacito
597 2345 732 2385 propria
766 2348 799 2375 et
833 2344 1055 2376 insolentioris
1092 2343 1171 2384 aum]
1206 2344 1247 2374 de
1281 2344 1343 2374 hoc
1377 2344 1508 2375 nominc
1538 2354 1574 2374 v.
1597 2344 1784 2384 Nipperdey
1807 2345 1849 2375 ad
1873 2346 1958 2376 Anu.

188 2403 312 2434 formae
336 2401 467 2441 collegit
486 2400 624 2442 Ruperti
641 2401 711 2432 Iud.
730 2401 789 2433 111.
816 2411 847 2442 p.
867 2403 945 2434 839.
971 2401 1056 2432 Dra—

187 2470 244 2500 qn
265 2459 359 2500 Synt.
382 2458 403 2499 ξ
421 2460 497 2498 249,
524 2460 554 2490 2.

234 2518 289 2549 40.
328 2516 529 2557 flammis]
562 2515 647 2547 Plut.
675 2514 715 2548 G.
742 2518 803 2549 26:
838 2514 897 2549 τοῦ
920 2513 1055 2559 φορείου

189 2571 345 2615 καθάπερ
377 2570 411 2606 ἐν
435 2569 583 2607 κλύδωνι
606 2571 707 2614 δεῦρο
731 2569 837 2606 κάκεῖ
855 2570 1055 2614 διαφερομέ-

189 2641 245 2665 νου
261 2628 322 2664 καὶ
336 2626 459 2664 πυκνόν
475 2625 701 2668 ἀπονεύοντος.
727 2648 772 2654 —-
795 2629 949 2671 basilicis]
973 2639 1056 2669 quae

189 2689 296 2720 forum
319 2687 514 2728 cingebant,
539 2687 656 2727 amplis
680 2688 854 2727 pleraeque
877 2686 1056 2727 porticibus

190 2745 417 2776 circumdatae.
466 2744 595 2776 Vitruv.
623 2745 663 2784 5,
691 2747 705 2776 1
722 2768 731 2785 ,
757 2747 797 2777 4:
837 2744 1057 2775 Basilicarum

190 2802 263 2834 loca
284 2801 438 2833 adi-anda
448 2800 540 2841 soria
563 2811 659 2841 quam
682 2802 888 2834 calidissimis
906 2801 1057 2843 partibus

191 2864 312 2900 oportet
326 2859 476 2891 emnam·
497 2862 557 2891 etc.
604 2860 760 2891 Nominat
777 2860 904 2891 canina
920 2860 953 2890 in
970 2860 1058 2890 Foro

193 2915 334 2948 Bonam
356 2925 389 2956 p.
408 2918 472 2948 167
505 2916 675 2948 basilicam
698 2918 815 2948 Iuliam
849 2917 949 2960 (Plin.
972 2917 1055 2956 Epp.

195 2973 228 3011 5,
250 2975 271 3006 9
294 2972 400 3014 (21)),
429 2973 672 3013 Semproniam,
699 2973 880 3014 Opimium,
906 2974 1058 3004 Fulviam

195 3029 266 3061 sivo
288 3030 516 3070 argenteriam,
540 3031 713 3062 Aemiliam
737 3030 836 3073 (Anu.
863 3033 893 3069 3,
921 3029 989 3071 ⁷2).
1014 3048 1056 3053 --

196 3085 360 3128 edentium]
392 3087 543 3119 Fortasse
574 3087 806 3119 recordabatur
830 3087 1058 3127 Xenophontis

197 3141 296 3182 Ages.
313 3145 344 3181 2.
363 3146 421 3176 122
446 3141 506 3177 καὶ
528 3141 661 3187 κραυγὴ
687 3141 746 3187 μὲν
770 3140 914 3186 οὐδεμία
936 3142 1057 3186 παρῆν,

198 3193 237 3231 ου’
260 3195 328 3241 μὴν
351 3195 430 3234 οὐδὲ
454 3196 534 3243 σιγή
546 3210 553 3217 ·
581 3198 679 3243 φωνὴ
705 3199 745 3235 δέ
766 3211 818 3239 τις
841 3192 883 3242 ἦν
907 3197 1057 3241 τοιαύτη,

198 3251 268 3287 οἵαν
291 3250 378 3298 ὄργτῐ
400 3265 438 3289 τε
460 3254 519 3290 καὶ
542 3255 637 3301 μάχη
661 3254 860 3302 παράσχοιτ’
885 3251 933 3290 ἅν.
969 3258 1058 3288 Bon—

197 3318 299 3343 uour.
324 3329 368 3336 —
402 3315 530 3346 armari
549 3314 674 3356 plebem
702 3313 920 3360 nunciabatur]
951 3315 991 3354 3,
1018 3314 1059 3346 79

1094 2402 1155 2439 12,
1180 2403 1232 2432 14.
1272 2400 1384 2431 Sz‘rker
1416 2400 1493 2431 Tac.
1520 2402 1753 2433 Formenlehre
1785 2412 1818 2442 p.
1840 2405 1891 2434 16.
1916 2420 1961 2425 -

1091 2458 1204 2498 rapidi
1223 2458 1322 2500 equis]
1348 2460 1378 2497 2,
1396 2459 1440 2490 40
1464 2458 1545 2490 caus
1567 2467 1646 2497 equo
1662 2458 1813 2490 Numida.
1837 2477 1882 2482 —
1905 2459 1961 2490 im-

1090 2515 1271 2547 minentium
1294 2515 1489 2556 templorum]
1523 2516 1562 2554 3,
1590 2517 1648 2547 71:
1679 2515 1866 2547 inminentia
1879 2515 1960 2556 foro

1091 2573 1217 2613 templa.
1259 2573 1300 2604 cf.
1325 2572 1399 2603 Liv.
1426 2574 1457 2610 7,
1483 2573 1516 2611 6,
1541 2573 1573 2602 4.

1138 2632 1192 2661 41.
1217 2628 1414 2670 vexillarius]
1438 2638 1498 2669 pro
1515 2628 1688 2669 eiqnfferm
1712 2629 1865 2668 quonium
1883 2628 1961 2660 Gal-

1092 2686 1154 2718 bae
1189 2686 1365 2727 imaginem
1401 2686 1523 2718 vexillo
1556 2686 1708 2726 deripuit.
1755 2686 1798 2717 Et
1831 2686 1879 2718 sic
1912 2690 1962 2718 est

1093 2744 1191 2775 etiam
1214 2744 1256 2774 Η.
1284 2745 1315 2782 3,
1343 2746 1402 2782 17,
1437 2753 1502 2774 non
1527 2747 1563 2774 ut
1585 2743 1666 2774 alibi
1690 2743 1777 2782 apud
1802 2742 1959 2782 Tacitum,

1093 2803 1269 2832 veteranus
1282 2801 1469 2832 molestiore
1482 2801 1598 2831 militia
1612 2801 1750 2832 solutus.
1776 2801 1817 2831 cf.
1830 2801 1958 2832 Welch.

1094 2858 1135 2888 nd
1160 2858 1239 2897 Agr.
1266 2867 1297 2898 p.
1317 2858 1384 2888 240
1400 2867 1491 2897 seqq.
1515 2874 1558 2880 -
1596 2856 1744 2898 Galbam]
1769 2857 1855 2888 Med.
1881 2858 1960 2889 Gal-

1093 2914 1162 2953 bae,
1187 2915 1248 2946 etsi
1272 2915 1454 2954 praelatum
1474 2924 1493 2945 e
1511 2914 1700 2953 Βοιώτιοι-ο,
1726 2924 1834 2946 merus
1852 2918 1960 2946 tamen

1094 2981 1186 3003 error
1221 2971 1373 3010 videtur,
1413 2975 1503 3003 ortus
1537 2981 1596 3011 per
1631 2966 1798 3013 α’βλεῲίαν
1831 2972 1886 3003 vel
1921 2982 1960 3003 ex

1094 3029 1308 3069 praecedente
1342 3029 1510 3059 comitatae
1542 3029 1597 3059 vel
1629 3038 1669 3059 ex
1702 3032 1856 3068 sequente
1882 3030 1962 3060 Gal-

1093 3085 1161 3116 bae.
1208 3086 1269 3116 Est
1291 3089 1400 3117 eutem
1424 3086 1484 3117 illa
1508 3086 1646 3123 cohors,
1673 3095 1754 3124 quae
1776 3084 1811 3116 ὑι
1834 3086 1960 3117 Palatio

1094 3143 1257 3174 statimtem
1281 3143 1403 3182 aqebat.
1430 3153 1456 3175 c.
1477 3145 1531 3175 29.
1558 3161 1601 3166 —-
1634 3141 1783 3183 Andium]
1808 3143 1891 3174 Plut.
1919 3142 1959 3174 G.

1095 3201 1158 3232 26:
1191 3196 1356 3233 Ἀτιλλίου
1385 3196 1423 3233 δὲ
1448 3197 1674 3242 Βεργελίωνος
1704 3196 1819 3232 εἰκόνα
1842 3197 1963 3243 Γάλβα

1094 3254 1374 3297 προσουδίσαντος
1399 3257 1468 3289 κτλ.
1496 3274 1539 3279 -
1564 3256 1668 3287 Curtii
1679 3254 1796 3300 lacum]
1821 3258 1911 3288 locus
1927 3257 1961 3287 in

1095 3313 1201 3346 medio
1227 3314 1307 3345 foro.
1349 3313 1424 3345 Liv.
1451 3314 1488 3353 1,
1516 3315 1567 3347 13.
1594 3314 1631 3353 7,
1655 3315 1686 3346 6.
1709 3330 1754 3337 —-
1785 3314 1865 3352 quid
1886 3313 1966 3344 mali
