<?xml version="1.0" encoding="UTF-8"?>
<!DOCTYPE html PUBLIC "-//W3C//DTD XHTML 1.0 Transitional//EN"
    "http://www.w3.org/TR/xhtml1/DTD/xhtml1-transitional.dtd">
<html xmlns="http://www.w3.org/1999/xhtml" xml:lang="en" lang="en">
 <head>
  <title>
</title>
<meta http-equiv="Content-Type" content="text/html;charset=utf-8" />
  <meta name='ocr-system' content='tesseract 3.04.00' />
  <meta name='ocr-capabilities' content='ocr_page ocr_carea ocr_par ocr_line ocrx_word'/>
</head>
<body>
  <div class='ocr_page' id='page_1' title='image "./pcorneliitacitio02taciuoft_0383.png"; bbox 0 0 2176 3672; ppageno 0'>
   <div class='ocr_carea' id='block_1_1' title="bbox 617 318 1902 374">
    <p class='ocr_par' dir='ltr' id='par_1_1' title="bbox 617 318 1902 374">
     <span class='ocr_line' id='line_1_1' title="bbox 617 318 1902 374; baseline 0.002 -10"><span class='ocrx_word' id='word_1_1' title='bbox 617 318 791 364; x_wconf 90' lang='lat' dir='ltr'>LIBER</span> <span class='ocrx_word' id='word_1_2' title='bbox 818 319 874 363; x_wconf 86' lang='lat' dir='ltr'>II.</span> <span class='ocrx_word' id='word_1_3' title='bbox 934 318 1036 374; x_wconf 89' lang='lat' dir='ltr'>Cap.</span> <span class='ocrx_word' id='word_1_4' title='bbox 1069 319 1134 364; x_wconf 86' lang='lat'>64.</span> <span class='ocrx_word' id='word_1_5' title='bbox 1165 320 1232 365; x_wconf 83' lang='lat'>65.</span> <span class='ocrx_word' id='word_1_6' title='bbox 1263 322 1330 366; x_wconf 89' lang='lat'>66.</span> <span class='ocrx_word' id='word_1_7' title='bbox 1360 321 1428 366; x_wconf 84' lang='lat'>67.</span> <span class='ocrx_word' id='word_1_8' title='bbox 1821 322 1902 366; x_wconf 84' lang='lat'>361</span> 
     </span>
    </p>
   </div>
   <div class='ocr_carea' id='block_1_2' title="bbox 74 434 1962 2543">
    <p class='ocr_par' dir='ltr' id='par_1_2' title="bbox 130 434 1962 1293">
     <span class='ocr_line' id='line_1_2' title="bbox 250 434 1905 492; baseline 0.001 -13"><span class='ocrx_word' id='word_1_9' title='bbox 250 434 345 491; x_wconf 82' lang='lat'>(66)</span> <span class='ocrx_word' id='word_1_10' title='bbox 385 434 580 490; x_wconf 82' lang='lat' dir='ltr'>Angebat</span> <span class='ocrx_word' id='word_1_11' title='bbox 617 434 836 478; x_wconf 90' lang='lat' dir='ltr'>Vitellium</span> <span class='ocrx_word' id='word_1_12' title='bbox 876 435 1086 479; x_wconf 82' lang='lat' dir='ltr'>victarum</span> <span class='ocrx_word' id='word_1_13' title='bbox 1126 436 1337 489; x_wconf 87' lang='lat' dir='ltr'>legionum</span> <span class='ocrx_word' id='word_1_14' title='bbox 1375 436 1704 492; x_wconf 81' lang='lat' dir='ltr'><strong>haudquaquam</strong></span> <span class='ocrx_word' id='word_1_15' title='bbox 1742 436 1905 481; x_wconf 74' lang='lat' dir='ltr'>fractus</span> 
     </span>
     <span class='ocr_line' id='line_1_3' title="bbox 134 514 1903 573; baseline 0.001 -13"><span class='ocrx_word' id='word_1_16' title='bbox 134 515 311 560; x_wconf 67' lang='lat' dir='ltr'>animus</span> <span class='ocrx_word' id='word_1_17' title='bbox 356 528 532 573; x_wconf 81' lang='lat' dir='ltr'>sparsae</span> <span class='ocrx_word' id='word_1_18' title='bbox 558 528 637 570; x_wconf 83' lang='lat' dir='ltr'>per</span> <span class='ocrx_word' id='word_1_19' title='bbox 665 514 836 558; x_wconf 86' lang='lat' dir='ltr'>Italiam</span> <span class='ocrx_word' id='word_1_20' title='bbox 865 518 910 559; x_wconf 90' lang='lat' dir='ltr'>et</span> <span class='ocrx_word' id='word_1_21' title='bbox 938 515 1170 559; x_wconf 88' lang='lat' dir='ltr'>victoribus</span> <span class='ocrx_word' id='word_1_22' title='bbox 1200 517 1436 571; x_wconf 82' lang='lat' dir='ltr'><strong>permixtae</strong></span> <span class='ocrx_word' id='word_1_23' title='bbox 1465 517 1643 560; x_wconf 90' lang='lat' dir='ltr'>hostilia</span> <span class='ocrx_word' id='word_1_24' title='bbox 1670 517 1903 572; x_wconf 88' lang='lat' dir='ltr'>loqueban-</span> 
     </span>
     <span class='ocr_line' id='line_1_4' title="bbox 134 594 1903 651; baseline 0.001 -12"><span class='ocrx_word' id='word_1_25' title='bbox 134 599 219 650; x_wconf 86' lang='lat' dir='ltr'>tur,</span> <span class='ocrx_word' id='word_1_26' title='bbox 257 596 489 651; x_wconf 86' lang='lat' dir='ltr'>praecipua</span> <span class='ocrx_word' id='word_1_27' title='bbox 527 595 996 650; x_wconf 87' lang='lat' dir='ltr'>quartadecimanorum</span> <span class='ocrx_word' id='word_1_28' title='bbox 1040 594 1219 650; x_wconf 88' lang='lat' dir='ltr'>ferocia,</span> <span class='ocrx_word' id='word_1_29' title='bbox 1265 598 1339 651; x_wconf 87' lang='lat' dir='ltr'>qui</span> <span class='ocrx_word' id='word_1_30' title='bbox 1378 610 1424 641; x_wconf 90' lang='lat' dir='ltr'>se</span> <span class='ocrx_word' id='word_1_31' title='bbox 1468 599 1604 641; x_wconf 90' lang='lat' dir='ltr'>victos</span> <span class='ocrx_word' id='word_1_32' title='bbox 1644 598 1903 641; x_wconf 83' lang='lat' dir='ltr'><strong>abnuebant:</strong></span> 
     </span>
     <span class='ocr_line' id='line_1_5' title="bbox 133 675 1904 733; baseline 0.001 -12"><span class='ocrx_word' id='word_1_33' title='bbox 133 677 293 733; x_wconf 84' lang='lat' dir='ltr'>quippe</span> <span class='ocrx_word' id='word_1_34' title='bbox 314 675 589 720; x_wconf 80' lang='lat' dir='ltr'>Bedriacensi</span> <span class='ocrx_word' id='word_1_35' title='bbox 618 676 709 719; x_wconf 89' lang='lat' dir='ltr'>acie</span> <span class='ocrx_word' id='word_1_36' title='bbox 735 675 968 719; x_wconf 82' lang='lat' dir='ltr'>vexillariis</span> <span class='ocrx_word' id='word_1_37' title='bbox 997 679 1165 720; x_wconf 90' lang='lat' dir='ltr'>tantum</span> <span class='ocrx_word' id='word_1_38' title='bbox 1195 677 1332 731; x_wconf 91' lang='lat' dir='ltr'>pulsis</span> <span class='ocrx_word' id='word_1_39' title='bbox 1362 678 1476 721; x_wconf 89' lang='lat' dir='ltr'>vires</span> <span class='ocrx_word' id='word_1_40' title='bbox 1506 678 1684 732; x_wconf 85' lang='lat' dir='ltr'>legionis</span> <span class='ocrx_word' id='word_1_41' title='bbox 1714 691 1798 722; x_wconf 92' lang='lat' dir='ltr'>non</span> <span class='ocrx_word' id='word_1_42' title='bbox 1828 679 1904 722; x_wconf 84' lang='lat' dir='ltr'>ad-</span> 
     </span>
     <span class='ocr_line' id='line_1_6' title="bbox 131 755 1937 813; baseline 0.001 -12"><span class='ocrx_word' id='word_1_43' title='bbox 131 755 278 802; x_wconf 80' lang='lat' dir='ltr'>fuisse.</span> <span class='ocrx_word' id='word_1_44' title='bbox 321 756 486 800; x_wconf 85' lang='lat' dir='ltr'>remitti</span> <span class='ocrx_word' id='word_1_45' title='bbox 513 769 587 800; x_wconf 88' lang='lat' dir='ltr'>eos</span> <span class='ocrx_word' id='word_1_46' title='bbox 615 757 659 799; x_wconf 90' lang='lat' dir='ltr'>in</span> <span class='ocrx_word' id='word_1_47' title='bbox 687 756 953 799; x_wconf 80' lang='lat' dir='ltr'>Britanniam</span> <span class='ocrx_word' id='word_1_48' title='bbox 966 790 977 810; x_wconf 90' lang='lat'>,</span> <span class='ocrx_word' id='word_1_49' title='bbox 1018 758 1131 800; x_wconf 92' lang='lat' dir='ltr'>unde</span> <span class='ocrx_word' id='word_1_50' title='bbox 1161 770 1187 799; x_wconf 89' lang='lat' dir='ltr'>a</span> <span class='ocrx_word' id='word_1_51' title='bbox 1216 757 1382 800; x_wconf 87' lang='lat' dir='ltr'>Nerone</span> <span class='ocrx_word' id='word_1_52' title='bbox 1411 758 1540 801; x_wconf 88' lang='lat' dir='ltr'>exciti</span> <span class='ocrx_word' id='word_1_53' title='bbox 1569 762 1710 812; x_wconf 88' lang='lat' dir='ltr'>erant,</span> <span class='ocrx_word' id='word_1_54' title='bbox 1741 758 1937 813; x_wconf 81' lang='lat' dir='ltr'>placuit⁵</span> 
     </span>
     <span class='ocr_line' id='line_1_7' title="bbox 132 836 1904 892; baseline 0.001 -11"><span class='ocrx_word' id='word_1_55' title='bbox 132 839 264 892; x_wconf 82' lang='lat' dir='ltr'>atque</span> <span class='ocrx_word' id='word_1_56' title='bbox 302 836 474 882; x_wconf 81' lang='lat' dir='ltr'>interim</span> <span class='ocrx_word' id='word_1_57' title='bbox 512 836 774 880; x_wconf 85' lang='lat' dir='ltr'>Batavorum</span> <span class='ocrx_word' id='word_1_58' title='bbox 814 836 1009 880; x_wconf 88' lang='lat' dir='ltr'>cohortes</span> <span class='ocrx_word' id='word_1_59' title='bbox 1050 850 1137 879; x_wconf 92' lang='lat' dir='ltr'>una</span> <span class='ocrx_word' id='word_1_60' title='bbox 1176 838 1352 881; x_wconf 89' lang='lat' dir='ltr'>tendere</span> <span class='ocrx_word' id='word_1_61' title='bbox 1390 837 1443 880; x_wconf 95' lang='lat' dir='ltr'>ob</span> <span class='ocrx_word' id='word_1_62' title='bbox 1473 841 1660 882; x_wconf 84' lang='lat' dir='ltr'>veterem</span> <span class='ocrx_word' id='word_1_63' title='bbox 1699 839 1904 882; x_wconf 85' lang='lat' dir='ltr'>adversus</span> 
     </span>
     <span class='ocr_line' id='line_1_8' title="bbox 131 916 1904 974; baseline 0.001 -13"><span class='ocrx_word' id='word_1_64' title='bbox 131 917 527 972; x_wconf 74' lang='lat' dir='ltr'>quartadecimanos</span> <span class='ocrx_word' id='word_1_65' title='bbox 566 916 833 960; x_wconf 78' lang='lat' dir='ltr'>discordiam.</span> <span class='ocrx_word' id='word_1_66' title='bbox 878 929 955 960; x_wconf 87' lang='lat' dir='ltr'>nec</span> <span class='ocrx_word' id='word_1_67' title='bbox 984 917 1059 960; x_wconf 91' lang='lat' dir='ltr'>diu</span> <span class='ocrx_word' id='word_1_68' title='bbox 1095 918 1137 960; x_wconf 91' lang='lat' dir='ltr'>in</span> <span class='ocrx_word' id='word_1_69' title='bbox 1169 918 1301 961; x_wconf 87' lang='lat' dir='ltr'>tantis</span> <span class='ocrx_word' id='word_1_70' title='bbox 1340 922 1600 961; x_wconf 89' lang='lat' dir='ltr'>armatorum</span> <span class='ocrx_word' id='word_1_71' title='bbox 1638 919 1747 962; x_wconf 89' lang='lat' dir='ltr'>odiis</span> <span class='ocrx_word' id='word_1_72' title='bbox 1783 919 1904 974; x_wconf 90' lang='lat' dir='ltr'>quies</span> 
     </span>
     <span class='ocr_line' id='line_1_9' title="bbox 130 995 1903 1052; baseline 0 -10"><span class='ocrx_word' id='word_1_73' title='bbox 130 995 225 1042; x_wconf 74' lang='lat' dir='ltr'>fuit.</span> <span class='ocrx_word' id='word_1_74' title='bbox 272 998 496 1051; x_wconf 86' lang='lat' dir='ltr'>Augustae</span> <span class='ocrx_word' id='word_1_75' title='bbox 526 996 809 1040; x_wconf 87' lang='lat' dir='ltr'>Taurinorum</span> <span class='ocrx_word' id='word_1_76' title='bbox 838 997 941 1040; x_wconf 92' lang='lat' dir='ltr'>dum</span> <span class='ocrx_word' id='word_1_77' title='bbox 971 996 1165 1051; x_wconf 89' lang='lat' dir='ltr'>opificem</span> <span class='ocrx_word' id='word_1_78' title='bbox 1194 998 1403 1052; x_wconf 88' lang='lat' dir='ltr'>quendam</span> <span class='ocrx_word' id='word_1_79' title='bbox 1432 998 1622 1041; x_wconf 87' lang='lat' dir='ltr'>Batavus</span> <span class='ocrx_word' id='word_1_80' title='bbox 1651 1002 1702 1041; x_wconf 94' lang='lat' dir='ltr'>ut</span> <span class='ocrx_word' id='word_1_81' title='bbox 1728 998 1903 1042; x_wconf 83' lang='lat' dir='ltr'>frauda-</span> 
     </span>
     <span class='ocr_line' id='line_1_10' title="bbox 131 1077 1904 1133; baseline 0 -11"><span class='ocrx_word' id='word_1_82' title='bbox 131 1081 268 1122; x_wconf 72' lang='lat' dir='ltr'>torem</span> <span class='ocrx_word' id='word_1_83' title='bbox 286 1077 535 1131; x_wconf 85' lang='lat' dir='ltr'>insectatur,</span> <span class='ocrx_word' id='word_1_84' title='bbox 564 1077 823 1132; x_wconf 89' lang='lat' dir='ltr'>legionarius</span> <span class='ocrx_word' id='word_1_85' title='bbox 843 1081 894 1120; x_wconf 91' lang='lat' dir='ltr'>ut</span> <span class='ocrx_word' id='word_1_86' title='bbox 912 1077 1124 1132; x_wconf 87' lang='lat' dir='ltr'>hospitem</span> <span class='ocrx_word' id='word_1_87' title='bbox 1149 1082 1309 1131; x_wconf 90' lang='lat' dir='ltr'>tuetur,</span> <span class='ocrx_word' id='word_1_88' title='bbox 1338 1079 1407 1122; x_wconf 91' lang='lat' dir='ltr'>sui</span> <span class='ocrx_word' id='word_1_89' title='bbox 1426 1079 1579 1133; x_wconf 91' lang='lat' dir='ltr'>cuique</span> <span class='ocrx_word' id='word_1_90' title='bbox 1600 1079 1904 1122; x_wconf 84' lang='lat' dir='ltr'>commilitones</span> 
     </span>
     <span class='ocr_line' id='line_1_11' title="bbox 131 1158 1962 1213; baseline 0.001 -12"><span class='ocrx_word' id='word_1_91' title='bbox 131 1158 357 1213; x_wconf 81' lang='lat' dir='ltr'>adgregati</span> <span class='ocrx_word' id='word_1_92' title='bbox 385 1171 412 1201; x_wconf 93' lang='lat' dir='ltr'>a</span> <span class='ocrx_word' id='word_1_93' title='bbox 441 1158 641 1201; x_wconf 90' lang='lat' dir='ltr'>conviciis</span> <span class='ocrx_word' id='word_1_94' title='bbox 670 1158 726 1200; x_wconf 90' lang='lat' dir='ltr'>ad</span> <span class='ocrx_word' id='word_1_95' title='bbox 754 1158 926 1201; x_wconf 89' lang='lat' dir='ltr'>caedem</span> <span class='ocrx_word' id='word_1_96' title='bbox 956 1158 1179 1202; x_wconf 87' lang='lat' dir='ltr'>transiere.</span> <span class='ocrx_word' id='word_1_97' title='bbox 1224 1163 1269 1202; x_wconf 93' lang='lat' dir='ltr'>et</span> <span class='ocrx_word' id='word_1_98' title='bbox 1306 1159 1515 1213; x_wconf 88' lang='lat' dir='ltr'>proelium</span> <span class='ocrx_word' id='word_1_99' title='bbox 1555 1163 1675 1202; x_wconf 82' lang='lat' dir='ltr'>atrox</span> <span class='ocrx_word' id='word_1_100' title='bbox 1712 1160 1903 1213; x_wconf 78' lang='lat' dir='ltr'>arsisset,</span> <span class='ocrx_word' id='word_1_101' title='bbox 1922 1170 1962 1199; x_wconf 71' lang='grc' dir='ltr'><strong>ιο</strong></span> 
     </span>
     <span class='ocr_line' id='line_1_12' title="bbox 130 1238 1904 1293; baseline 0 -11"><span class='ocrx_word' id='word_1_102' title='bbox 130 1238 176 1282; x_wconf 92' lang='lat' dir='ltr'>ni</span> <span class='ocrx_word' id='word_1_103' title='bbox 202 1238 315 1282; x_wconf 85' lang='lat' dir='ltr'>duae</span> <span class='ocrx_word' id='word_1_104' title='bbox 342 1239 585 1292; x_wconf 82' lang='lat' dir='ltr'>praetoriae</span> <span class='ocrx_word' id='word_1_105' title='bbox 614 1238 810 1282; x_wconf 88' lang='lat' dir='ltr'>cohortes</span> <span class='ocrx_word' id='word_1_106' title='bbox 835 1250 1006 1281; x_wconf 91' lang='lat' dir='ltr'>causam</span> <span class='ocrx_word' id='word_1_107' title='bbox 1027 1239 1498 1293; x_wconf 87' lang='lat' dir='ltr'>quartadecimanorum</span> <span class='ocrx_word' id='word_1_108' title='bbox 1518 1243 1689 1283; x_wconf 89' lang='lat' dir='ltr'>secutae</span> <span class='ocrx_word' id='word_1_109' title='bbox 1708 1239 1776 1282; x_wconf 91' lang='lat' dir='ltr'>his</span> <span class='ocrx_word' id='word_1_110' title='bbox 1795 1238 1904 1283; x_wconf 89' lang='lat' dir='ltr'>fidu-</span> 
     </span>
    </p>

    <p class='ocr_par' dir='ltr' id='par_1_3' title="bbox 74 1317 1961 2338">
     <span class='ocr_line' id='line_1_13' title="bbox 74 1317 1908 1374; baseline 0 -11"><span class='ocrx_word' id='word_1_111' title='bbox 74 1336 78 1340; x_wconf 86' lang='lat'><strong>·</strong></span> <span class='ocrx_word' id='word_1_112' title='bbox 132 1319 241 1364; x_wconf 86' lang='lat' dir='ltr'>ciam</span> <span class='ocrx_word' id='word_1_113' title='bbox 281 1322 327 1362; x_wconf 90' lang='lat' dir='ltr'>et</span> <span class='ocrx_word' id='word_1_114' title='bbox 364 1324 523 1362; x_wconf 90' lang='lat' dir='ltr'>metum</span> <span class='ocrx_word' id='word_1_115' title='bbox 551 1318 730 1362; x_wconf 87' lang='lat' dir='ltr'>Batavis</span> <span class='ocrx_word' id='word_1_116' title='bbox 767 1317 978 1362; x_wconf 83' lang='lat' dir='ltr'>fecissent.</span> <span class='ocrx_word' id='word_1_117' title='bbox 1029 1331 1135 1373; x_wconf 90' lang='lat' dir='ltr'>quos</span> <span class='ocrx_word' id='word_1_118' title='bbox 1164 1318 1364 1362; x_wconf 89' lang='lat' dir='ltr'>Vitellius</span> <span class='ocrx_word' id='word_1_119' title='bbox 1405 1320 1564 1373; x_wconf 88' lang='lat' dir='ltr'>agmini</span> <span class='ocrx_word' id='word_1_120' title='bbox 1603 1332 1681 1362; x_wconf 89' lang='lat' dir='ltr'>suo</span> <span class='ocrx_word' id='word_1_121' title='bbox 1711 1320 1830 1374; x_wconf 89' lang='lat' dir='ltr'>iungi</span> <span class='ocrx_word' id='word_1_122' title='bbox 1858 1325 1908 1363; x_wconf 86' lang='lat' dir='ltr'>ut</span> 
     </span>
     <span class='ocr_line' id='line_1_14' title="bbox 130 1397 1905 1455; baseline 0 -12"><span class='ocrx_word' id='word_1_123' title='bbox 130 1397 253 1453; x_wconf 72' lang='lat' dir='ltr'>fidae,</span> <span class='ocrx_word' id='word_1_124' title='bbox 282 1399 490 1454; x_wconf 85' lang='lat' dir='ltr'>legionem</span> <span class='ocrx_word' id='word_1_125' title='bbox 520 1398 646 1442; x_wconf 89' lang='lat' dir='ltr'>Grais</span> <span class='ocrx_word' id='word_1_126' title='bbox 675 1398 856 1452; x_wconf 91' lang='lat' dir='ltr'>Alpibus</span> <span class='ocrx_word' id='word_1_127' title='bbox 883 1399 1126 1442; x_wconf 87' lang='lat' dir='ltr'>traductam</span> <span class='ocrx_word' id='word_1_128' title='bbox 1156 1412 1205 1442; x_wconf 94' lang='lat' dir='ltr'>eo</span> <span class='ocrx_word' id='word_1_129' title='bbox 1235 1398 1346 1442; x_wconf 86' lang='lat' dir='ltr'>flexu</span> <span class='ocrx_word' id='word_1_130' title='bbox 1375 1400 1540 1443; x_wconf 90' lang='lat' dir='ltr'>itineris</span> <span class='ocrx_word' id='word_1_131' title='bbox 1570 1400 1634 1443; x_wconf 87' lang='lat' dir='ltr'>ire</span> <span class='ocrx_word' id='word_1_132' title='bbox 1662 1400 1792 1453; x_wconf 90' lang='lat' dir='ltr'>iubet,</span> <span class='ocrx_word' id='word_1_133' title='bbox 1822 1414 1905 1455; x_wconf 92' lang='lat' dir='ltr'>quo</span> 
     </span>
     <span class='ocr_line' id='line_1_15' title="bbox 129 1478 1904 1535; baseline -0.001 -11"><span class='ocrx_word' id='word_1_134' title='bbox 129 1479 338 1524; x_wconf 85' lang='lat' dir='ltr'>Viennam</span> <span class='ocrx_word' id='word_1_135' title='bbox 367 1480 575 1522; x_wconf 86' lang='lat' dir='ltr'>vitarent:</span> <span class='ocrx_word' id='word_1_136' title='bbox 617 1491 799 1534; x_wconf 91' lang='lat' dir='ltr'>namque</span> <span class='ocrx_word' id='word_1_137' title='bbox 826 1483 871 1522; x_wconf 87' lang='lat' dir='ltr'>et</span> <span class='ocrx_word' id='word_1_138' title='bbox 898 1478 1159 1522; x_wconf 88' lang='lat' dir='ltr'>Viennenses</span> <span class='ocrx_word' id='word_1_139' title='bbox 1189 1480 1460 1523; x_wconf 90' lang='lat' dir='ltr'>timebantur.</span> <span class='ocrx_word' id='word_1_140' title='bbox 1506 1484 1653 1533; x_wconf 91' lang='lat' dir='ltr'>nocte,</span> <span class='ocrx_word' id='word_1_141' title='bbox 1692 1493 1777 1535; x_wconf 90' lang='lat' dir='ltr'>qua</span> <span class='ocrx_word' id='word_1_142' title='bbox 1804 1494 1904 1535; x_wconf 89' lang='lat' dir='ltr'>pro-</span> 
     </span>
     <span class='ocr_line' id='line_1_16' title="bbox 129 1558 1961 1615; baseline -0.001 -12"><span class='ocrx_word' id='word_1_143' title='bbox 129 1558 398 1603; x_wconf 86' lang='lat' dir='ltr'>ficiscebatur</span> <span class='ocrx_word' id='word_1_144' title='bbox 425 1559 548 1614; x_wconf 89' lang='lat' dir='ltr'>legio,</span> <span class='ocrx_word' id='word_1_145' title='bbox 579 1559 741 1602; x_wconf 92' lang='lat' dir='ltr'>relictis</span> <span class='ocrx_word' id='word_1_146' title='bbox 763 1560 925 1614; x_wconf 91' lang='lat' dir='ltr'>passim</span> <span class='ocrx_word' id='word_1_147' title='bbox 947 1560 1115 1614; x_wconf 84' lang='lat' dir='ltr'>ignibus</span> <span class='ocrx_word' id='word_1_148' title='bbox 1135 1573 1237 1614; x_wconf 91' lang='lat' dir='ltr'>pars</span> <span class='ocrx_word' id='word_1_149' title='bbox 1257 1561 1470 1604; x_wconf 77' lang='lat' dir='ltr'>Taulinae</span> <span class='ocrx_word' id='word_1_150' title='bbox 1490 1561 1679 1604; x_wconf 92' lang='lat' dir='ltr'>coloniae</span> <span class='ocrx_word' id='word_1_151' title='bbox 1697 1560 1904 1615; x_wconf 84' lang='lat' dir='ltr'>ambusta,</span> <span class='ocrx_word' id='word_1_152' title='bbox 1921 1572 1961 1602; x_wconf 85' lang='lat'>15</span> 
     </span>
     <span class='ocr_line' id='line_1_17' title="bbox 130 1639 1905 1695; baseline 0.001 -11"><span class='ocrx_word' id='word_1_153' title='bbox 130 1640 245 1695; x_wconf 86' lang='lat' dir='ltr'>quod</span> <span class='ocrx_word' id='word_1_154' title='bbox 262 1640 476 1693; x_wconf 79' lang='lat' dir='ltr'>damnum,</span> <span class='ocrx_word' id='word_1_155' title='bbox 506 1643 556 1682; x_wconf 93' lang='lat' dir='ltr'>ut</span> <span class='ocrx_word' id='word_1_156' title='bbox 584 1639 789 1694; x_wconf 91' lang='lat' dir='ltr'>pleraque</span> <span class='ocrx_word' id='word_1_157' title='bbox 817 1639 918 1683; x_wconf 93' lang='lat' dir='ltr'>belli</span> <span class='ocrx_word' id='word_1_158' title='bbox 947 1640 1072 1693; x_wconf 86' lang='lat' dir='ltr'>mala,</span> <span class='ocrx_word' id='word_1_159' title='bbox 1102 1641 1334 1684; x_wconf 89' lang='lat' dir='ltr'>maioribus</span> <span class='ocrx_word' id='word_1_160' title='bbox 1364 1641 1544 1684; x_wconf 87' lang='lat' dir='ltr'>aliarum</span> <span class='ocrx_word' id='word_1_161' title='bbox 1573 1640 1743 1684; x_wconf 92' lang='lat' dir='ltr'>urbium</span> <span class='ocrx_word' id='word_1_162' title='bbox 1774 1641 1905 1685; x_wconf 87' lang='lat' dir='ltr'>cladi-</span> 
     </span>
     <span class='ocr_line' id='line_1_18' title="bbox 130 1719 1901 1777; baseline 0.001 -13"><span class='ocrx_word' id='word_1_163' title='bbox 130 1719 211 1764; x_wconf 87' lang='lat' dir='ltr'>bus</span> <span class='ocrx_word' id='word_1_164' title='bbox 239 1720 526 1764; x_wconf 81' lang='lat' dir='ltr'>obliteratum.</span> <span class='ocrx_word' id='word_1_165' title='bbox 569 1720 931 1775; x_wconf 87' lang='lat' dir='ltr'>quartadecimani</span> <span class='ocrx_word' id='word_1_166' title='bbox 967 1724 1194 1775; x_wconf 93' lang='lat' dir='ltr'>postquam</span> <span class='ocrx_word' id='word_1_167' title='bbox 1223 1721 1405 1775; x_wconf 89' lang='lat' dir='ltr'>Alpibus</span> <span class='ocrx_word' id='word_1_168' title='bbox 1442 1722 1633 1777; x_wconf 87' lang='lat' dir='ltr'>degressi</span> <span class='ocrx_word' id='word_1_169' title='bbox 1671 1725 1794 1776; x_wconf 86' lang='lat' dir='ltr'>sunt,</span> <span class='ocrx_word' id='word_1_170' title='bbox 1837 1735 1901 1766; x_wconf 92' lang='lat' dir='ltr'>se-</span> 
     </span>
     <span class='ocr_line' id='line_1_19' title="bbox 130 1800 1904 1855; baseline 0.001 -10"><span class='ocrx_word' id='word_1_171' title='bbox 130 1800 433 1845; x_wconf 81' lang='lat' dir='ltr'>ditiosissimus</span> <span class='ocrx_word' id='word_1_172' title='bbox 463 1800 643 1855; x_wconf 90' lang='lat' dir='ltr'>quisque</span> <span class='ocrx_word' id='word_1_173' title='bbox 672 1801 795 1854; x_wconf 88' lang='lat' dir='ltr'>signa</span> <span class='ocrx_word' id='word_1_174' title='bbox 823 1801 1030 1844; x_wconf 90' lang='lat' dir='ltr'>Viennam</span> <span class='ocrx_word' id='word_1_175' title='bbox 1060 1800 1275 1845; x_wconf 86' lang='lat' dir='ltr'>ferebant:</span> <span class='ocrx_word' id='word_1_176' title='bbox 1318 1814 1525 1845; x_wconf 91' lang='lat' dir='ltr'>consensu</span> <span class='ocrx_word' id='word_1_177' title='bbox 1554 1802 1775 1846; x_wconf 89' lang='lat' dir='ltr'>meliorum</span> <span class='ocrx_word' id='word_1_178' title='bbox 1806 1816 1904 1847; x_wconf 91' lang='lat' dir='ltr'>con-</span> 
     </span>
     <span class='ocr_line' id='line_1_20' title="bbox 130 1873 1904 1938; baseline 0.002 -14"><span class='ocrx_word' id='word_1_179' title='bbox 130 1880 270 1936; x_wconf 85' lang='lat' dir='ltr'>pressi</span> <span class='ocrx_word' id='word_1_180' title='bbox 298 1884 342 1923; x_wconf 90' lang='lat' dir='ltr'>et</span> <span class='ocrx_word' id='word_1_181' title='bbox 369 1880 481 1933; x_wconf 86' lang='lat' dir='ltr'>legio</span> <span class='ocrx_word' id='word_1_182' title='bbox 511 1880 555 1923; x_wconf 93' lang='lat' dir='ltr'>in</span> <span class='ocrx_word' id='word_1_183' title='bbox 575 1873 841 1924; x_wconf 77' lang='lat' dir='ltr'>Britanniam</span> <span class='ocrx_word' id='word_1_184' title='bbox 865 1885 1118 1925; x_wconf 87' lang='lat' dir='ltr'>transvecta.</span> <span class='ocrx_word' id='word_1_185' title='bbox 1177 1880 1272 1936; x_wconf 85' lang='lat'>(67)</span> <span class='ocrx_word' id='word_1_186' title='bbox 1302 1882 1519 1936; x_wconf 85' lang='lat' dir='ltr'>proximus</span> <span class='ocrx_word' id='word_1_187' title='bbox 1538 1882 1714 1926; x_wconf 93' lang='lat' dir='ltr'>Vitellio</span> <span class='ocrx_word' id='word_1_188' title='bbox 1733 1896 1758 1926; x_wconf 90' lang='lat' dir='ltr'>e</span> <span class='ocrx_word' id='word_1_189' title='bbox 1779 1896 1904 1938; x_wconf 89' lang='lat' dir='ltr'>prae-</span> 
     </span>
     <span class='ocr_line' id='line_1_21' title="bbox 132 1959 1961 2016; baseline 0.001 -12"><span class='ocrx_word' id='word_1_190' title='bbox 132 1960 256 2004; x_wconf 89' lang='lat' dir='ltr'>toriis</span> <span class='ocrx_word' id='word_1_191' title='bbox 285 1959 530 2004; x_wconf 86' lang='lat' dir='ltr'>cohortibus</span> <span class='ocrx_word' id='word_1_192' title='bbox 558 1964 699 2003; x_wconf 91' lang='lat' dir='ltr'>metus</span> <span class='ocrx_word' id='word_1_193' title='bbox 728 1965 832 2004; x_wconf 90' lang='lat' dir='ltr'>erat.</span> <span class='ocrx_word' id='word_1_194' title='bbox 877 1962 1067 2016; x_wconf 90' lang='lat' dir='ltr'>separati</span> <span class='ocrx_word' id='word_1_195' title='bbox 1095 1962 1299 2016; x_wconf 86' lang='lat' dir='ltr'>primum,</span> <span class='ocrx_word' id='word_1_196' title='bbox 1338 1963 1491 2006; x_wconf 86' lang='lat' dir='ltr'>deinde</span> <span class='ocrx_word' id='word_1_197' title='bbox 1522 1963 1671 2006; x_wconf 90' lang='lat' dir='ltr'>addito</span> <span class='ocrx_word' id='word_1_198' title='bbox 1701 1963 1904 2008; x_wconf 89' lang='lat' dir='ltr'>honestae</span> <span class='ocrx_word' id='word_1_199' title='bbox 1917 1976 1961 2005; x_wconf 62' lang='grc' dir='ltr'><strong>’.ιο</strong></span> 
     </span>
     <span class='ocr_line' id='line_1_22' title="bbox 131 2039 1903 2096; baseline 0.002 -13"><span class='ocrx_word' id='word_1_200' title='bbox 131 2040 346 2084; x_wconf 84' lang='lat' dir='ltr'>missionis</span> <span class='ocrx_word' id='word_1_201' title='bbox 375 2039 604 2083; x_wconf 91' lang='lat' dir='ltr'>lenimento</span> <span class='ocrx_word' id='word_1_202' title='bbox 633 2053 751 2083; x_wconf 92' lang='lat' dir='ltr'>arma</span> <span class='ocrx_word' id='word_1_203' title='bbox 779 2042 836 2083; x_wconf 91' lang='lat' dir='ltr'>ad</span> <span class='ocrx_word' id='word_1_204' title='bbox 865 2041 1059 2084; x_wconf 88' lang='lat' dir='ltr'>tribunos</span> <span class='ocrx_word' id='word_1_205' title='bbox 1090 2054 1192 2084; x_wconf 90' lang='lat' dir='ltr'>suos</span> <span class='ocrx_word' id='word_1_206' title='bbox 1222 2041 1470 2086; x_wconf 86' lang='lat' dir='ltr'>deferebant</span> <span class='ocrx_word' id='word_1_207' title='bbox 1483 2077 1494 2096; x_wconf 91' lang='lat'>‚</span> <span class='ocrx_word' id='word_1_208' title='bbox 1524 2043 1656 2087; x_wconf 89' lang='lat' dir='ltr'>donec</span> <span class='ocrx_word' id='word_1_209' title='bbox 1685 2047 1846 2087; x_wconf 91' lang='lat' dir='ltr'>motum</span> <span class='ocrx_word' id='word_1_210' title='bbox 1877 2057 1903 2087; x_wconf 86' lang='lat' dir='ltr'>a</span> 
     </span>
     <span class='ocr_line' id='line_1_23' title="bbox 131 2120 1900 2176; baseline 0.002 -12"><span class='ocrx_word' id='word_1_211' title='bbox 131 2121 396 2175; x_wconf 85' lang='lat' dir='ltr'>Vespasiano</span> <span class='ocrx_word' id='word_1_212' title='bbox 424 2120 581 2164; x_wconf 91' lang='lat' dir='ltr'>bellum</span> <span class='ocrx_word' id='word_1_213' title='bbox 612 2120 918 2164; x_wconf 86' lang='lat' dir='ltr'>crebresceret:</span> <span class='ocrx_word' id='word_1_214' title='bbox 961 2125 1052 2164; x_wconf 92' lang='lat' dir='ltr'>tum</span> <span class='ocrx_word' id='word_1_215' title='bbox 1082 2126 1302 2176; x_wconf 88' lang='lat' dir='ltr'>resumpta</span> <span class='ocrx_word' id='word_1_216' title='bbox 1337 2122 1490 2165; x_wconf 89' lang='lat' dir='ltr'>militia</span> <span class='ocrx_word' id='word_1_217' title='bbox 1518 2122 1647 2165; x_wconf 91' lang='lat' dir='ltr'>robur</span> <span class='ocrx_word' id='word_1_218' title='bbox 1675 2124 1900 2168; x_wconf 86' lang='lat' dir='ltr'>Flaviana-</span> 
     </span>
     <span class='ocr_line' id='line_1_24' title="bbox 131 2199 1901 2257; baseline 0.002 -14"><span class='ocrx_word' id='word_1_219' title='bbox 131 2213 227 2244; x_wconf 89' lang='lat' dir='ltr'>rum</span> <span class='ocrx_word' id='word_1_220' title='bbox 255 2201 444 2255; x_wconf 90' lang='lat' dir='ltr'>partium</span> <span class='ocrx_word' id='word_1_221' title='bbox 472 2199 602 2244; x_wconf 86' lang='lat' dir='ltr'>fuere.</span> <span class='ocrx_word' id='word_1_222' title='bbox 649 2201 788 2254; x_wconf 90' lang='lat' dir='ltr'>prima</span> <span class='ocrx_word' id='word_1_223' title='bbox 830 2200 1101 2243; x_wconf 89' lang='lat' dir='ltr'>classicorum</span> <span class='ocrx_word' id='word_1_224' title='bbox 1136 2201 1247 2255; x_wconf 91' lang='lat' dir='ltr'>legio</span> <span class='ocrx_word' id='word_1_225' title='bbox 1286 2203 1330 2244; x_wconf 94' lang='lat' dir='ltr'>in</span> <span class='ocrx_word' id='word_1_226' title='bbox 1369 2202 1619 2256; x_wconf 89' lang='lat' dir='ltr'>Hispaniam</span> <span class='ocrx_word' id='word_1_227' title='bbox 1657 2204 1811 2257; x_wconf 86' lang='lat' dir='ltr'>missa,</span> <span class='ocrx_word' id='word_1_228' title='bbox 1852 2209 1901 2248; x_wconf 92' lang='lat' dir='ltr'>ut</span> 
     </span>
     <span class='ocr_line' id='line_1_25' title="bbox 131 2281 1900 2338; baseline 0.002 -14"><span class='ocrx_word' id='word_1_229' title='bbox 131 2293 235 2336; x_wconf 88' lang='lat' dir='ltr'>pace</span> <span class='ocrx_word' id='word_1_230' title='bbox 276 2285 319 2324; x_wconf 88' lang='lat' dir='ltr'>et</span> <span class='ocrx_word' id='word_1_231' title='bbox 347 2281 435 2324; x_wconf 90' lang='lat' dir='ltr'>otio</span> <span class='ocrx_word' id='word_1_232' title='bbox 463 2281 725 2333; x_wconf 83' lang='lat' dir='ltr'>mitesceret3</span> <span class='ocrx_word' id='word_1_233' title='bbox 767 2281 990 2323; x_wconf 91' lang='lat' dir='ltr'>undecima</span> <span class='ocrx_word' id='word_1_234' title='bbox 1027 2293 1077 2324; x_wconf 87' lang='lat' dir='ltr'>ac</span> <span class='ocrx_word' id='word_1_235' title='bbox 1106 2282 1289 2335; x_wconf 90' lang='lat' dir='ltr'>septima</span> <span class='ocrx_word' id='word_1_236' title='bbox 1326 2282 1415 2325; x_wconf 92' lang='lat' dir='ltr'>suis</span> <span class='ocrx_word' id='word_1_237' title='bbox 1456 2282 1642 2326; x_wconf 90' lang='lat' dir='ltr'>hibernis</span> <span class='ocrx_word' id='word_1_238' title='bbox 1682 2285 1900 2338; x_wconf 86' lang='lat' dir='ltr'>redditae;</span> 
     </span>
    </p>

    <p class='ocr_par' dir='ltr' id='par_1_4' title="bbox 129 2405 1898 2543">
     <span class='ocr_line' id='line_1_26' title="bbox 221 2405 1898 2454; baseline 0.002 -14"><span class='ocrx_word' id='word_1_239' title='bbox 221 2410 241 2440; x_wconf 78' lang='lat'><em>2</em></span> <span class='ocrx_word' id='word_1_240' title='bbox 265 2408 425 2448; x_wconf 80' lang='lat' dir='ltr'>permixte</span> <span class='ocrx_word' id='word_1_241' title='bbox 516 2409 538 2439; x_wconf 99' lang='lat'>4</span> <span class='ocrx_word' id='word_1_242' title='bbox 563 2407 695 2447; x_wconf 70' lang='lat' dir='ltr'>legionfi</span> <span class='ocrx_word' id='word_1_243' title='bbox 720 2406 756 2448; x_wconf 83' lang='grc' dir='ltr'>(ιῖ</span> <span class='ocrx_word' id='word_1_244' title='bbox 772 2406 805 2438; x_wconf 74' lang='lat' dir='ltr'>in</span> <span class='ocrx_word' id='word_1_245' title='bbox 821 2408 849 2438; x_wconf 91' lang='lat' dir='ltr'>is</span> <span class='ocrx_word' id='word_1_246' title='bbox 871 2411 946 2438; x_wconf 70' lang='lat' dir='ltr'>mut.</span> <span class='ocrx_word' id='word_1_247' title='bbox 966 2405 1031 2449; x_wconf 88' lang='lat' dir='ltr'>lm)</span> <span class='ocrx_word' id='word_1_248' title='bbox 1121 2409 1142 2439; x_wconf 86' lang='lat'><strong>5</strong></span> <span class='ocrx_word' id='word_1_249' title='bbox 1166 2407 1377 2438; x_wconf 80' lang='lat' dir='ltr'>brittanniam</span> <span class='ocrx_word' id='word_1_250' title='bbox 1469 2411 1490 2440; x_wconf 88' lang='lat'><em>8</em></span> <span class='ocrx_word' id='word_1_251' title='bbox 1514 2413 1634 2448; x_wconf 74' lang='lat' dir='ltr'>agusta</span> <span class='ocrx_word' id='word_1_252' title='bbox 1658 2409 1692 2454; x_wconf 88' lang='lat' dir='ltr'>(u</span> <span class='ocrx_word' id='word_1_253' title='bbox 1712 2416 1786 2451; x_wconf 75' lang='lat' dir='ltr'>post</span> <span class='ocrx_word' id='word_1_254' title='bbox 1804 2422 1857 2451; x_wconf 79' lang='lat' dir='ltr'>pr.</span> <span class='ocrx_word' id='word_1_255' title='bbox 1877 2422 1898 2443; x_wconf 79' lang='lat' dir='ltr'>a</span> 
     </span>
     <span class='ocr_line' id='line_1_27' title="bbox 129 2451 1896 2497; baseline 0.002 -12"><span class='ocrx_word' id='word_1_256' title='bbox 129 2464 286 2494; x_wconf 64' lang='lat' dir='ltr'>tapam.</span> <span class='ocrx_word' id='word_1_257' title='bbox 315 2452 378 2493; x_wconf 82' lang='lat' dir='ltr'>lm)</span> <span class='ocrx_word' id='word_1_258' title='bbox 461 2455 502 2484; x_wconf 92' lang='lat'>10</span> <span class='ocrx_word' id='word_1_259' title='bbox 527 2453 689 2493; x_wconf 78' lang='lat' dir='ltr'>praelium</span> <span class='ocrx_word' id='word_1_260' title='bbox 758 2453 935 2484; x_wconf 66' lang='lat' dir='ltr'>exarsisset</span> <span class='ocrx_word' id='word_1_261' title='bbox 957 2451 1117 2491; x_wconf 69' lang='lat' dir='ltr'>Aqricola</span> <span class='ocrx_word' id='word_1_262' title='bbox 1197 2455 1237 2485; x_wconf 92' lang='lat' dir='ltr'>ll</span> <span class='ocrx_word' id='word_1_263' title='bbox 1264 2457 1340 2484; x_wconf 60' lang='lat' dir='ltr'>casa</span> <span class='ocrx_word' id='word_1_264' title='bbox 1364 2454 1400 2495; x_wconf 80' lang='lat' dir='ltr'>(v</span> <span class='ocrx_word' id='word_1_265' title='bbox 1424 2464 1580 2494; x_wconf 69' lang='lat' dir='ltr'>super-scr.</span> <span class='ocrx_word' id='word_1_266' title='bbox 1611 2456 1673 2496; x_wconf 88' lang='lat' dir='ltr'>lm)</span> <span class='ocrx_word' id='word_1_267' title='bbox 1757 2458 1799 2488; x_wconf 83' lang='lat'>13</span> <span class='ocrx_word' id='word_1_268' title='bbox 1823 2462 1896 2497; x_wconf 77' lang='lat' dir='ltr'>grat</span> 
     </span>
     <span class='ocr_line' id='line_1_28' title="bbox 129 2499 1896 2543; baseline 0.002 -12"><span class='ocrx_word' id='word_1_269' title='bbox 129 2500 258 2541; x_wconf 66' lang='lat' dir='ltr'>salpib3</span> <span class='ocrx_word' id='word_1_270' title='bbox 352 2501 394 2531; x_wconf 84' lang='lat'>14</span> <span class='ocrx_word' id='word_1_271' title='bbox 419 2508 525 2538; x_wconf 72' lang='lat' dir='ltr'>nanq3</span> <span class='ocrx_word' id='word_1_272' title='bbox 619 2500 814 2538; x_wconf 75' lang='lat' dir='ltr'>uiennenses</span> <span class='ocrx_word' id='word_1_273' title='bbox 837 2500 870 2539; x_wconf 70' lang='lat' dir='ltr'>(e</span> <span class='ocrx_word' id='word_1_274' title='bbox 893 2499 927 2530; x_wconf 79' lang='lat' dir='ltr'>in</span> <span class='ocrx_word' id='word_1_275' title='bbox 951 2509 969 2530; x_wconf 90' lang='lat' dir='ltr'>e</span> <span class='ocrx_word' id='word_1_276' title='bbox 992 2508 1075 2529; x_wconf 84' lang='lat' dir='ltr'>corr.</span> <span class='ocrx_word' id='word_1_277' title='bbox 1097 2500 1161 2536; x_wconf 88' lang='lat' dir='ltr'>lm)</span> <span class='ocrx_word' id='word_1_278' title='bbox 1255 2501 1353 2538; x_wconf 68' lang='lat'>14515</span> <span class='ocrx_word' id='word_1_279' title='bbox 1378 2501 1668 2539; x_wconf 78' lang='lat' dir='ltr'>proficiscebantur</span> <span class='ocrx_word' id='word_1_280' title='bbox 1691 2503 1726 2543; x_wconf 86' lang='lat' dir='ltr'>(n</span> <span class='ocrx_word' id='word_1_281' title='bbox 1752 2503 1812 2534; x_wconf 76' lang='lat' dir='ltr'>dd.</span> <span class='ocrx_word' id='word_1_282' title='bbox 1831 2502 1896 2542; x_wconf 81' lang='lat' dir='ltr'>lm)</span> 
     </span>
    </p>
   </div>
   <div class='ocr_carea' id='block_1_3' title="bbox 131 2544 1897 2637">
    <p class='ocr_par' dir='ltr' id='par_1_5' title="bbox 131 2544 1897 2637">
     <span class='ocr_line' id='line_1_29' title="bbox 131 2544 1895 2586; baseline 0.001 -8"><span class='ocrx_word' id='word_1_283' title='bbox 131 2547 175 2578; x_wconf 73' lang='lat'>1⁵</span> <span class='ocrx_word' id='word_1_284' title='bbox 209 2546 361 2584; x_wconf 81' lang='lat' dir='ltr'>colonib3</span> <span class='ocrx_word' id='word_1_285' title='bbox 397 2545 434 2583; x_wconf 85' lang='lat' dir='ltr'>(b</span> <span class='ocrx_word' id='word_1_286' title='bbox 458 2545 518 2576; x_wconf 77' lang='lat' dir='ltr'>dd.</span> <span class='ocrx_word' id='word_1_287' title='bbox 542 2550 572 2576; x_wconf 65' lang='lat' dir='ltr'>a</span> <span class='ocrx_word' id='word_1_288' title='bbox 596 2556 614 2584; x_wconf 69' lang='lat' dir='ltr'>e</span> <span class='ocrx_word' id='word_1_289' title='bbox 646 2555 802 2584; x_wconf 68' lang='lat' dir='ltr'>anper-ser.</span> <span class='ocrx_word' id='word_1_290' title='bbox 830 2544 893 2583; x_wconf 85' lang='lat' dir='ltr'>lm)</span> <span class='ocrx_word' id='word_1_291' title='bbox 988 2547 1028 2576; x_wconf 78' lang='lat'>1⁷</span> <span class='ocrx_word' id='word_1_292' title='bbox 1063 2545 1208 2584; x_wconf 79' lang='lat' dir='ltr'>degressi</span> <span class='ocrx_word' id='word_1_293' title='bbox 1239 2545 1397 2576; x_wconf 50' lang='lat' dir='ltr'>Pte-hem.-</span> <span class='ocrx_word' id='word_1_294' title='bbox 1428 2547 1567 2586; x_wconf 80' lang='lat' dir='ltr'>digressi</span> <span class='ocrx_word' id='word_1_295' title='bbox 1663 2550 1702 2579; x_wconf 91' lang='lat'>18</span> <span class='ocrx_word' id='word_1_296' title='bbox 1734 2552 1895 2584; x_wconf 64' lang='lat' dir='ltr'>consensi-1</span> 
     </span>
     <span class='ocr_line' id='line_1_30' title="bbox 132 2589 1897 2637; baseline 0.002 -14"><span class='ocrx_word' id='word_1_297' title='bbox 132 2594 174 2626; x_wconf 66' lang='lat'>12</span> <span class='ocrx_word' id='word_1_298' title='bbox 197 2591 410 2623; x_wconf 68' lang='lat' dir='ltr'>brittanniam</span> <span class='ocrx_word' id='word_1_299' title='bbox 501 2594 542 2624; x_wconf 74' lang='lat'>81</span> <span class='ocrx_word' id='word_1_300' title='bbox 569 2590 737 2623; x_wconf 72' lang='lat' dir='ltr'>deferebat</span> <span class='ocrx_word' id='word_1_301' title='bbox 758 2591 794 2631; x_wconf 91' lang='lat' dir='ltr'>(n</span> <span class='ocrx_word' id='word_1_302' title='bbox 818 2600 976 2630; x_wconf 68' lang='lat' dir='ltr'>super-scr.</span> <span class='ocrx_word' id='word_1_303' title='bbox 996 2592 1060 2630; x_wconf 86' lang='lat' dir='ltr'>lm)</span> <span class='ocrx_word' id='word_1_304' title='bbox 1152 2592 1195 2622; x_wconf 77' lang='lat'>22</span> <span class='ocrx_word' id='word_1_305' title='bbox 1221 2589 1435 2635; x_wconf 72' lang='lat' dir='ltr'>crebe&#39;sceret</span> <span class='ocrx_word' id='word_1_306' title='bbox 1457 2592 1489 2634; x_wconf 88' lang='lat' dir='ltr'>(r</span> <span class='ocrx_word' id='word_1_307' title='bbox 1504 2597 1582 2632; x_wconf 73' lang='lat' dir='ltr'>poet</span> <span class='ocrx_word' id='word_1_308' title='bbox 1604 2593 1625 2624; x_wconf 93' lang='lat' dir='ltr'>b</span> <span class='ocrx_word' id='word_1_309' title='bbox 1648 2603 1805 2634; x_wconf 71' lang='lat' dir='ltr'>super-scr.</span> <span class='ocrx_word' id='word_1_310' title='bbox 1832 2594 1897 2637; x_wconf 84' lang='lat' dir='ltr'>lm)</span> 
     </span>
    </p>
   </div>
   <div class='ocr_carea' id='block_1_4' title="bbox 128 2711 1893 3444">
    <p class='ocr_par' dir='ltr' id='par_1_6' title="bbox 128 2711 1893 3444">
     <span class='ocr_line' id='line_1_31' title="bbox 175 2711 1891 2761; baseline 0.001 -11"><span class='ocrx_word' id='word_1_311' title='bbox 175 2719 230 2750; x_wconf 74' lang='lat'>88.</span> <span class='ocrx_word' id='word_1_312' title='bbox 266 2718 445 2750; x_wconf 63' lang='lat' dir='ltr'>vexillariis</span> <span class='ocrx_word' id='word_1_313' title='bbox 459 2722 580 2749; x_wconf 70' lang='lat' dir='ltr'>tantm</span> <span class='ocrx_word' id='word_1_314' title='bbox 590 2715 710 2761; x_wconf 71' lang='lat' dir='ltr'>pulsis]</span> <span class='ocrx_word' id='word_1_315' title='bbox 738 2717 820 2748; x_wconf 89' lang='lat' dir='ltr'>Vide</span> <span class='ocrx_word' id='word_1_316' title='bbox 836 2717 879 2748; x_wconf 72' lang='lat' dir='ltr'>ed</span> <span class='ocrx_word' id='word_1_317' title='bbox 894 2727 920 2749; x_wconf 88' lang='lat' dir='ltr'>c.</span> <span class='ocrx_word' id='word_1_318' title='bbox 936 2718 991 2748; x_wconf 87' lang='lat'>43.</span> <span class='ocrx_word' id='word_1_319' title='bbox 1027 2711 1257 2757; x_wconf 68' lang='lat' dir='ltr'>scriptoribus,</span> <span class='ocrx_word' id='word_1_320' title='bbox 1292 2718 1432 2749; x_wconf 81' lang='lat' dir='ltr'>maxime</span> <span class='ocrx_word' id='word_1_321' title='bbox 1458 2718 1581 2750; x_wconf 78' lang='lat' dir='ltr'>Tacito.</span> <span class='ocrx_word' id='word_1_322' title='bbox 1623 2719 1787 2750; x_wconf 61' lang='lat' dir='ltr'>Bottia-her</span> <span class='ocrx_word' id='word_1_323' title='bbox 1810 2720 1891 2751; x_wconf 89' lang='lat' dir='ltr'>Lex.</span> 
     </span>
     <span class='ocr_line' id='line_1_32' title="bbox 129 2774 1307 2827; baseline -0.002 -19"><span class='ocrx_word' id='word_1_324' title='bbox 129 2793 174 2799; x_wconf 94' lang='lat'>—</span> <span class='ocrx_word' id='word_1_325' title='bbox 196 2776 236 2808; x_wconf 82' lang='lat' dir='ltr'>ob</span> <span class='ocrx_word' id='word_1_326' title='bbox 264 2781 395 2808; x_wconf 67' lang='lat' dir='ltr'>veterem</span> <span class='ocrx_word' id='word_1_327' title='bbox 420 2793 461 2799; x_wconf 97' lang='lat'><strong>—</strong></span> <span class='ocrx_word' id='word_1_328' title='bbox 486 2774 694 2816; x_wconf 71' lang='lat' dir='ltr'>discordiam]</span> <span class='ocrx_word' id='word_1_329' title='bbox 726 2775 777 2806; x_wconf 89' lang='lat' dir='ltr'>De</span> <span class='ocrx_word' id='word_1_330' title='bbox 801 2778 912 2806; x_wconf 78' lang='lat' dir='ltr'>mutuo</span> <span class='ocrx_word' id='word_1_331' title='bbox 936 2774 993 2805; x_wconf 85' lang='lat' dir='ltr'>ho·</span> <span class='ocrx_word' id='word_1_332' title='bbox 1008 2803 1012 2827; x_wconf 68' lang='grc' dir='ltr'>Ι</span> <span class='ocrx_word' id='word_1_333' title='bbox 1028 2774 1104 2805; x_wconf 81' lang='lat' dir='ltr'>Tac.</span> <span class='ocrx_word' id='word_1_334' title='bbox 1130 2775 1170 2806; x_wconf 74' lang='lat' dir='ltr'>ef.</span> <span class='ocrx_word' id='word_1_335' title='bbox 1197 2777 1228 2814; x_wconf 89' lang='lat'>1,</span> <span class='ocrx_word' id='word_1_336' title='bbox 1253 2775 1307 2806; x_wconf 79' lang='lat'>55.</span> 
     </span>
     <span class='ocr_line' id='line_1_33' title="bbox 128 2831 992 2872; baseline -0.002 -8"><span class='ocrx_word' id='word_1_337' title='bbox 128 2843 200 2864; x_wconf 87' lang='lat' dir='ltr'>rum</span> <span class='ocrx_word' id='word_1_338' title='bbox 230 2833 307 2865; x_wconf 86' lang='lat' dir='ltr'>odio</span> <span class='ocrx_word' id='word_1_339' title='bbox 329 2844 364 2866; x_wconf 79' lang='lat' dir='ltr'>v.</span> <span class='ocrx_word' id='word_1_340' title='bbox 389 2843 415 2865; x_wconf 84' lang='lat' dir='ltr'>c.</span> <span class='ocrx_word' id='word_1_341' title='bbox 442 2834 496 2864; x_wconf 83' lang='grc'>27.</span> <span class='ocrx_word' id='word_1_342' title='bbox 524 2835 554 2871; x_wconf 82' lang='grc'>1,</span> <span class='ocrx_word' id='word_1_343' title='bbox 579 2832 635 2864; x_wconf 84' lang='grc'>59.</span> <span class='ocrx_word' id='word_1_344' title='bbox 660 2834 716 2864; x_wconf 78' lang='grc'>64.</span> <span class='ocrx_word' id='word_1_345' title='bbox 748 2850 793 2856; x_wconf 90' lang='grc'><strong>-</strong></span> <span class='ocrx_word' id='word_1_346' title='bbox 827 2831 992 2872; x_wconf 68' lang='lat' dir='ltr'>Auqmtae</span> 
     </span>
     <span class='ocr_line' id='line_1_34' title="bbox 133 2889 1893 2935; baseline 0.001 -14"><span class='ocrx_word' id='word_1_347' title='bbox 133 2889 359 2935; x_wconf 64' lang='lat' dir='ltr'>Tauium-um]</span> <span class='ocrx_word' id='word_1_348' title='bbox 385 2894 461 2923; x_wconf 67' lang='lat' dir='ltr'>ante</span> <span class='ocrx_word' id='word_1_349' title='bbox 484 2891 670 2930; x_wconf 76' lang='lat' dir='ltr'>Angustum</span> <span class='ocrx_word' id='word_1_350' title='bbox 698 2890 871 2927; x_wconf 69' lang='lat' dir='ltr'>Taurasia,</span> <span class='ocrx_word' id='word_1_351' title='bbox 896 2890 992 2920; x_wconf 85' lang='lat' dir='ltr'>hodie</span> <span class='ocrx_word' id='word_1_352' title='bbox 1074 2890 1126 2920; x_wconf 83' lang='grc'>67.</span> <span class='ocrx_word' id='word_1_353' title='bbox 1172 2889 1320 2920; x_wconf 72' lang='lat' dir='ltr'>honestae</span> <span class='ocrx_word' id='word_1_354' title='bbox 1341 2889 1500 2920; x_wconf 64' lang='lat' dir='ltr'>vitiscionia</span> <span class='ocrx_word' id='word_1_355' title='bbox 1523 2890 1699 2932; x_wconf 74' lang='lat' dir='ltr'>knimento]</span> <span class='ocrx_word' id='word_1_356' title='bbox 1722 2891 1893 2922; x_wconf 72' lang='lat' dir='ltr'>commoda</span> 
     </span>
     <span class='ocr_line' id='line_1_35' title="bbox 132 2946 1892 2992; baseline 0.001 -14"><span class='ocrx_word' id='word_1_357' title='bbox 132 2947 244 2980; x_wconf 64' lang='grc' dir='ltr'>Μ.</span> <span class='ocrx_word' id='word_1_358' title='bbox 267 2965 312 2972; x_wconf 90' lang='grc'><strong>-</strong></span> <span class='ocrx_word' id='word_1_359' title='bbox 344 2946 489 2992; x_wconf 66' lang='lat' dir='ltr'>arsisset]</span> <span class='ocrx_word' id='word_1_360' title='bbox 523 2948 564 2979; x_wconf 78' lang='lat' dir='ltr'>cf.</span> <span class='ocrx_word' id='word_1_361' title='bbox 590 2948 676 2978; x_wconf 75' lang='lat' dir='ltr'>Ann-</span> <span class='ocrx_word' id='word_1_362' title='bbox 703 2949 763 2985; x_wconf 82' lang='lat'>12,</span> <span class='ocrx_word' id='word_1_363' title='bbox 789 2948 832 2979; x_wconf 85' lang='lat'>54</span> <span class='ocrx_word' id='word_1_364' title='bbox 861 2946 994 2977; x_wconf 66' lang='lat' dir='ltr'>arei-sset</span> <span class='ocrx_word' id='word_1_365' title='bbox 1028 2946 1184 2978; x_wconf 68' lang='lat' dir='ltr'>honestae</span> <span class='ocrx_word' id='word_1_366' title='bbox 1215 2947 1379 2977; x_wconf 82' lang='lat' dir='ltr'>missionis</span> <span class='ocrx_word' id='word_1_367' title='bbox 1413 2950 1533 2985; x_wconf 73' lang='lat' dir='ltr'>quanta</span> <span class='ocrx_word' id='word_1_368' title='bbox 1566 2947 1627 2978; x_wconf 83' lang='lat' dir='ltr'>sub</span> <span class='ocrx_word' id='word_1_369' title='bbox 1650 2948 1799 2987; x_wconf 79' lang='lat' dir='ltr'>Augusto</span> <span class='ocrx_word' id='word_1_370' title='bbox 1826 2949 1892 2980; x_wconf 81' lang='lat' dir='ltr'>fue—</span> 
     </span>
     <span class='ocr_line' id='line_1_36' title="bbox 128 3001 1891 3047; baseline 0.002 -12"><span class='ocrx_word' id='word_1_371' title='bbox 128 3002 208 3035; x_wconf 72' lang='lat' dir='ltr'>beuo</span> <span class='ocrx_word' id='word_1_372' title='bbox 224 3005 413 3045; x_wconf 67' lang='lat' dir='ltr'>provencia,</span> <span class='ocrx_word' id='word_1_373' title='bbox 438 3008 471 3044; x_wconf 86' lang='lat'>4,</span> <span class='ocrx_word' id='word_1_374' title='bbox 494 3007 539 3038; x_wconf 86' lang='lat'>40</span> <span class='ocrx_word' id='word_1_375' title='bbox 563 3004 748 3036; x_wconf 57' lang='lat' dir='ltr'>eneam,</span> <span class='ocrx_word' id='word_1_376' title='bbox 771 3004 862 3044; x_wconf 72' lang='lat' dir='ltr'>lonqe</span> <span class='ocrx_word' id='word_1_377' title='bbox 883 3004 993 3035; x_wconf 67' lang='lat' dir='ltr'>acrius</span> <span class='ocrx_word' id='word_1_378' title='bbox 1027 3004 1108 3041; x_wconf 82' lang='lat' dir='ltr'>rint,</span> <span class='ocrx_word' id='word_1_379' title='bbox 1144 3003 1237 3035; x_wconf 82' lang='lat' dir='ltr'>docet</span> <span class='ocrx_word' id='word_1_380' title='bbox 1270 3003 1335 3034; x_wconf 91' lang='lat' dir='ltr'>Dio</span> <span class='ocrx_word' id='word_1_381' title='bbox 1360 3004 1414 3042; x_wconf 81' lang='lat'>55,</span> <span class='ocrx_word' id='word_1_382' title='bbox 1441 3005 1483 3035; x_wconf 79' lang='lat'>23</span> <span class='ocrx_word' id='word_1_383' title='bbox 1516 3001 1713 3047; x_wconf 54' lang='lat' dir='ltr'>(issnQCQSq</span> <span class='ocrx_word' id='word_1_384' title='bbox 1735 3007 1806 3042; x_wconf 82' lang='grc' dir='ltr'><strong>τοῖς</strong></span> <span class='ocrx_word' id='word_1_385' title='bbox 1831 3002 1891 3047; x_wconf 79' lang='grc' dir='ltr'>μὲν</span> 
     </span>
     <span class='ocr_line' id='line_1_37' title="bbox 129 3058 1893 3104; baseline 0.001 -12"><span class='ocrx_word' id='word_1_386' title='bbox 129 3070 275 3093; x_wconf 64' lang='lat' dir='ltr'>mmm.</span> <span class='ocrx_word' id='word_1_387' title='bbox 322 3062 444 3094; x_wconf 67' lang='lat' dir='ltr'>Gerbo-</span> <span class='ocrx_word' id='word_1_388' title='bbox 473 3066 506 3094; x_wconf 87' lang='lat' dir='ltr'>et</span> <span class='ocrx_word' id='word_1_389' title='bbox 530 3062 634 3103; x_wconf 62' lang='lat' dir='ltr'>Graes</span> <span class='ocrx_word' id='word_1_390' title='bbox 659 3063 738 3093; x_wconf 87' lang='lat' dir='ltr'>Lex.</span> <span class='ocrx_word' id='word_1_391' title='bbox 764 3061 840 3092; x_wconf 77' lang='lat' dir='ltr'>Tae.</span> <span class='ocrx_word' id='word_1_392' title='bbox 874 3061 935 3093; x_wconf 88' lang='lat' dir='ltr'>sub</span> <span class='ocrx_word' id='word_1_393' title='bbox 959 3071 991 3091; x_wconf 86' lang='lat' dir='ltr'>v.</span> <span class='ocrx_word' id='word_1_394' title='bbox 1027 3058 1066 3093; x_wconf 76' lang='grc' dir='ltr'>ἐκ</span> <span class='ocrx_word' id='word_1_395' title='bbox 1088 3058 1146 3093; x_wconf 80' lang='grc' dir='ltr'>τοῦ</span> <span class='ocrx_word' id='word_1_396' title='bbox 1171 3059 1391 3102; x_wconf 80' lang='grc' dir='ltr'><strong>δορυφορικοῦ</strong></span> <span class='ocrx_word' id='word_1_397' title='bbox 1425 3059 1695 3104; x_wconf 77' lang='grc' dir='ltr'><strong>πεντακισχιλίας</strong></span> <span class='ocrx_word' id='word_1_398' title='bbox 1726 3058 1893 3104; x_wconf 78' lang='grc' dir='ltr'><strong>δραχμάς,</strong></span> 
     </span>
     <span class='ocr_line' id='line_1_38' title="bbox 128 3114 1892 3163; baseline 0.001 -14"><span class='ocrx_word' id='word_1_399' title='bbox 128 3118 236 3150; x_wconf 76' lang='lat' dir='ltr'>ardeo.</span> <span class='ocrx_word' id='word_1_400' title='bbox 261 3134 306 3141; x_wconf 88' lang='lat'>—</span> <span class='ocrx_word' id='word_1_401' title='bbox 342 3119 442 3151; x_wconf 60' lang='lat' dir='ltr'>Grais</span> <span class='ocrx_word' id='word_1_402' title='bbox 473 3118 622 3163; x_wconf 67' lang='lat' dir='ltr'>Alpibus]</span> <span class='ocrx_word' id='word_1_403' title='bbox 656 3123 748 3150; x_wconf 70' lang='lat' dir='ltr'>trans</span> <span class='ocrx_word' id='word_1_404' title='bbox 781 3122 923 3150; x_wconf 87' lang='lat' dir='ltr'>montem</span> <span class='ocrx_word' id='word_1_405' title='bbox 956 3117 989 3149; x_wconf 88' lang='lat' dir='ltr'>S.</span> <span class='ocrx_word' id='word_1_406' title='bbox 1027 3114 1161 3150; x_wconf 74' lang='grc' dir='ltr'><strong>ἐπειδὰν</strong></span> <span class='ocrx_word' id='word_1_407' title='bbox 1178 3114 1363 3150; x_wconf 76' lang='grc' dir='ltr'>ἑκκαίδεκα</span> <span class='ocrx_word' id='word_1_408' title='bbox 1380 3115 1452 3159; x_wconf 80' lang='grc' dir='ltr'>ἔτη.</span> <span class='ocrx_word' id='word_1_409' title='bbox 1478 3119 1547 3155; x_wconf 83' lang='grc' dir='ltr'><strong>τοῖς</strong></span> <span class='ocrx_word' id='word_1_410' title='bbox 1563 3115 1602 3151; x_wconf 82' lang='grc' dir='ltr'>δὲ</span> <span class='ocrx_word' id='word_1_411' title='bbox 1619 3115 1743 3159; x_wconf 74' lang='grc' dir='ltr'><strong>ἑτέροις</strong></span> <span class='ocrx_word' id='word_1_412' title='bbox 1766 3128 1892 3162; x_wconf 75' lang='grc' dir='ltr'><strong>τρισχι·</strong></span> 
     </span>
     <span class='ocr_line' id='line_1_39' title="bbox 130 3170 1891 3217; baseline 0.001 -11"><span class='ocrx_word' id='word_1_413' title='bbox 130 3174 312 3206; x_wconf 74' lang='lat' dir='ltr'>Bemherdi</span> <span class='ocrx_word' id='word_1_414' title='bbox 325 3176 504 3215; x_wconf 82' lang='lat' dir='ltr'>minorem3</span> <span class='ocrx_word' id='word_1_415' title='bbox 526 3177 567 3208; x_wconf 77' lang='lat' dir='ltr'>cf.</span> <span class='ocrx_word' id='word_1_416' title='bbox 583 3179 616 3215; x_wconf 86' lang='lat'>4,</span> <span class='ocrx_word' id='word_1_417' title='bbox 634 3177 678 3209; x_wconf 81' lang='grc'>68</span> <span class='ocrx_word' id='word_1_418' title='bbox 700 3180 802 3207; x_wconf 69' lang='lat' dir='ltr'>monte</span> <span class='ocrx_word' id='word_1_419' title='bbox 815 3171 933 3207; x_wconf 78' lang='lat' dir='ltr'>Graio.</span> <span class='ocrx_word' id='word_1_420' title='bbox 947 3192 990 3198; x_wconf 96' lang='lat'><strong>—</strong></span> <span class='ocrx_word' id='word_1_421' title='bbox 1026 3172 1110 3213; x_wconf 81' lang='grc' dir='ltr'>λίας,</span> <span class='ocrx_word' id='word_1_422' title='bbox 1127 3170 1263 3207; x_wconf 74' lang='grc' dir='ltr'><strong>ἐπειδὰν</strong></span> <span class='ocrx_word' id='word_1_423' title='bbox 1280 3172 1386 3207; x_wconf 76' lang='grc' dir='ltr'><strong>εἴκοσι</strong></span> <span class='ocrx_word' id='word_1_424' title='bbox 1403 3171 1681 3215; x_wconf 78' lang='grc' dir='ltr'><strong>στρατεύσωνται,</strong></span> <span class='ocrx_word' id='word_1_425' title='bbox 1699 3173 1891 3217; x_wconf 51' lang='lat' dir='ltr'>&amp;immitam</span> 
     </span>
     <span class='ocr_line' id='line_1_40' title="bbox 136 3230 1891 3274; baseline 0 -11"><span class='ocrx_word' id='word_1_426' title='bbox 136 3232 322 3264; x_wconf 62' lang='lat' dir='ltr'>Viemanm</span> <span class='ocrx_word' id='word_1_427' title='bbox 343 3232 543 3274; x_wconf 66' lang='grc' dir='ltr'><strong>εὲιιεόωιιυτ]</strong></span> <span class='ocrx_word' id='word_1_428' title='bbox 567 3244 600 3264; x_wconf 83' lang='lat' dir='ltr'>v.</span> <span class='ocrx_word' id='word_1_429' title='bbox 626 3236 656 3271; x_wconf 82' lang='lat'>1,</span> <span class='ocrx_word' id='word_1_430' title='bbox 683 3235 737 3265; x_wconf 80' lang='lat'>65.</span> <span class='ocrx_word' id='word_1_431' title='bbox 762 3251 806 3257; x_wconf 91' lang='lat'>—</span> <span class='ocrx_word' id='word_1_432' title='bbox 842 3231 989 3263; x_wconf 60' lang='lat' dir='ltr'>oblatera-</span> <span class='ocrx_word' id='word_1_433' title='bbox 1025 3232 1176 3271; x_wconf 71' lang='lat' dir='ltr'>Caligule</span> <span class='ocrx_word' id='word_1_434' title='bbox 1213 3231 1330 3262; x_wconf 87' lang='lat' dir='ltr'>minuit</span> <span class='ocrx_word' id='word_1_435' title='bbox 1369 3231 1472 3273; x_wconf 87' lang='lat' dir='ltr'>(Suet.</span> <span class='ocrx_word' id='word_1_436' title='bbox 1507 3230 1609 3269; x_wconf 72' lang='lat' dir='ltr'>Celig.</span> <span class='ocrx_word' id='word_1_437' title='bbox 1648 3233 1691 3262; x_wconf 89' lang='lat'>44</span> <span class='ocrx_word' id='word_1_438' title='bbox 1727 3232 1891 3263; x_wconf 77' lang='lat' dir='ltr'>commoda</span> 
     </span>
     <span class='ocr_line' id='line_1_41' title="bbox 128 3285 1891 3330; baseline 0 -10"><span class='ocrx_word' id='word_1_439' title='bbox 128 3289 204 3329; x_wconf 67' lang='lat' dir='ltr'>tum]</span> <span class='ocrx_word' id='word_1_440' title='bbox 241 3289 375 3329; x_wconf 84' lang='lat' dir='ltr'>proprie</span> <span class='ocrx_word' id='word_1_441' title='bbox 397 3290 514 3322; x_wconf 76' lang='lat' dir='ltr'>litteris</span> <span class='ocrx_word' id='word_1_442' title='bbox 537 3290 659 3330; x_wconf 68' lang='lat' dir='ltr'>aliquid</span> <span class='ocrx_word' id='word_1_443' title='bbox 683 3290 934 3330; x_wconf 76' lang='lat' dir='ltr'>superinducere</span> <span class='ocrx_word' id='word_1_444' title='bbox 958 3293 989 3320; x_wconf 87' lang='lat' dir='ltr'>et</span> <span class='ocrx_word' id='word_1_445' title='bbox 1023 3289 1170 3319; x_wconf 72' lang='lat' dir='ltr'>emeritae</span> <span class='ocrx_word' id='word_1_446' title='bbox 1192 3288 1325 3319; x_wconf 67' lang='lat' dir='ltr'>maitiae</span> <span class='ocrx_word' id='word_1_447' title='bbox 1348 3306 1392 3311; x_wconf 88' lang='lat'><strong>—</strong></span> <span class='ocrx_word' id='word_1_448' title='bbox 1416 3285 1551 3330; x_wconf 67' lang='lat' dir='ltr'>reddit).</span> <span class='ocrx_word' id='word_1_449' title='bbox 1586 3305 1628 3311; x_wconf 84' lang='lat'>—·</span> <span class='ocrx_word' id='word_1_450' title='bbox 1661 3289 1827 3320; x_wconf 71' lang='lat' dir='ltr'>undecima</span> <span class='ocrx_word' id='word_1_451' title='bbox 1849 3300 1891 3320; x_wconf 84' lang='lat' dir='ltr'>ac</span> 
     </span>
     <span class='ocr_line' id='line_1_42' title="bbox 128 3343 1888 3388; baseline 0 -11"><span class='ocrx_word' id='word_1_452' title='bbox 128 3347 175 3377; x_wconf 67' lang='lat' dir='ltr'>ita</span> <span class='ocrx_word' id='word_1_453' title='bbox 198 3345 357 3378; x_wconf 86' lang='lat' dir='ltr'>oblivioni</span> <span class='ocrx_word' id='word_1_454' title='bbox 379 3347 519 3386; x_wconf 68' lang='lat' dir='ltr'>trudere,</span> <span class='ocrx_word' id='word_1_455' title='bbox 542 3357 607 3378; x_wconf 82' lang='lat' dir='ltr'>vox</span> <span class='ocrx_word' id='word_1_456' title='bbox 622 3357 698 3378; x_wconf 67' lang='lat' dir='ltr'>rnre</span> <span class='ocrx_word' id='word_1_457' title='bbox 713 3348 800 3387; x_wconf 71' lang='lat' dir='ltr'>npud</span> <span class='ocrx_word' id='word_1_458' title='bbox 817 3347 896 3384; x_wconf 62' lang='lat' dir='ltr'>Cic„</span> <span class='ocrx_word' id='word_1_459' title='bbox 922 3355 988 3377; x_wconf 69' lang='lat' dir='ltr'>ma·</span> <span class='ocrx_word' id='word_1_460' title='bbox 1025 3343 1170 3388; x_wconf 71' lang='lat' dir='ltr'>septima]</span> <span class='ocrx_word' id='word_1_461' title='bbox 1184 3346 1321 3385; x_wconf 73' lang='lat' dir='ltr'>septime</span> <span class='ocrx_word' id='word_1_462' title='bbox 1332 3345 1494 3375; x_wconf 69' lang='lat' dir='ltr'>Galbiana</span> <span class='ocrx_word' id='word_1_463' title='bbox 1505 3345 1539 3375; x_wconf 92' lang='lat' dir='ltr'>in</span> <span class='ocrx_word' id='word_1_464' title='bbox 1552 3345 1755 3376; x_wconf 65' lang='lat' dir='ltr'>Pannoniam</span> <span class='ocrx_word' id='word_1_465' title='bbox 1766 3349 1806 3384; x_wconf 86' lang='lat' dir='ltr'>(e.</span> <span class='ocrx_word' id='word_1_466' title='bbox 1819 3347 1888 3386; x_wconf 75' lang='lat'>86),</span> 
     </span>
     <span class='ocr_line' id='line_1_43' title="bbox 129 3390 1885 3444; baseline 0.001 -11"><span class='ocrx_word' id='word_1_467' title='bbox 129 3403 179 3443; x_wconf 70' lang='lat' dir='ltr'>gin</span> <span class='ocrx_word' id='word_1_468' title='bbox 195 3403 346 3442; x_wconf 73' lang='lat' dir='ltr'>frequens</span> <span class='ocrx_word' id='word_1_469' title='bbox 362 3403 469 3440; x_wconf 73' lang='lat' dir='ltr'>Livio,</span> <span class='ocrx_word' id='word_1_470' title='bbox 492 3404 598 3443; x_wconf 74' lang='lat' dir='ltr'>poetis</span> <span class='ocrx_word' id='word_1_471' title='bbox 621 3407 654 3435; x_wconf 88' lang='lat' dir='ltr'>et</span> <span class='ocrx_word' id='word_1_472' title='bbox 676 3407 850 3444; x_wconf 65' lang='lat' dir='ltr'>argenteae</span> <span class='ocrx_word' id='word_1_473' title='bbox 874 3404 989 3434; x_wconf 68' lang='lat' dir='ltr'>aetatis</span> <span class='ocrx_word' id='word_1_474' title='bbox 1004 3415 1007 3443; x_wconf 62' lang='lat' dir='ltr'>q</span> <span class='ocrx_word' id='word_1_475' title='bbox 1025 3390 1195 3433; x_wconf 78' lang='lat' dir='ltr'>undecima</span> <span class='ocrx_word' id='word_1_476' title='bbox 1219 3402 1250 3432; x_wconf 81' lang='lat' dir='ltr'>in</span> <span class='ocrx_word' id='word_1_477' title='bbox 1276 3402 1472 3432; x_wconf 76' lang='lat' dir='ltr'>Dalmatiam</span> <span class='ocrx_word' id='word_1_478' title='bbox 1497 3402 1552 3443; x_wconf 84' lang='lat'>(3,</span> <span class='ocrx_word' id='word_1_479' title='bbox 1577 3401 1634 3441; x_wconf 84' lang='lat'>50)</span> <span class='ocrx_word' id='word_1_480' title='bbox 1667 3403 1804 3434; x_wconf 72' lang='lat' dir='ltr'>remissa</span> <span class='ocrx_word' id='word_1_481' title='bbox 1826 3407 1885 3435; x_wconf 81' lang='lat' dir='ltr'>est.</span> 
     </span>
    </p>
   </div>
  </div>
 </body>
</html>
