2176 3672
688 326 862 369 LIBER
889 327 943 370 11.
1003 325 1103 381 Cap.
1135 327 1202 370 59.
1234 327 1301 371 60.
1333 327 1400 371 61.
1839 327 1923 371 357

153 440 502 495 Othonianorum,
532 441 646 484 unde
675 441 906 495 praecipua
934 441 977 484 in
999 440 1218 484 Vitellium
1248 442 1448 485 alienatio
1477 453 1555 496 per
1583 441 1775 497 Illyricos
1807 455 1924 485 exer-

153 521 285 575 citus;
327 521 454 564 simul
493 524 659 566 ceterae
693 520 880 575 legiones
909 524 1106 564 contactu
1147 525 1190 564 et
1220 523 1423 566 adversus
1454 521 1728 566 Germanicos
1767 522 1926 566 milites

151 601 314 645 invidia
341 601 498 645 bellum
527 600 854 645 meditabantur.
914 601 1162 644 Suetonium
1192 602 1418 645 Paulinum
1448 615 1498 646 ac
1526 603 1735 646 Licinium
1765 600 1923 646 Procu-

149 680 240 725 lum
268 681 384 725 tristi
412 693 531 724 mora
559 680 776 735 squalidos
805 681 964 735 tenuit,
1008 682 1141 725 donec
1170 683 1307 725 auditi
1335 683 1584 725 necessariis
1614 683 1751 736 magis
1780 682 1924 726 defen-

150 760 339 804 sionibus
369 773 495 816 quam
514 760 702 804 honestis
723 764 953 804 uterentur.
998 762 1281 815 proditionem
1306 762 1420 805 ultro
1439 762 1706 817 inputabant,
1737 763 1923 817 spatium
1961 770 1981 800 5

149 840 265 895 longi
294 844 393 885 ante
421 841 628 895 proelium
659 841 838 894 itineris,
867 840 1162 895 fatigationem
1193 842 1543 896 Othonianorum,
1573 843 1828 896 permixtum
1852 855 1924 886 ve-

149 920 303 965 hiculis
332 933 482 975 agmen
511 933 561 963 ac
589 921 793 976 pleraque
821 920 1003 964 fortuita
1031 921 1172 965 fraudi
1202 935 1306 966 suae
1335 923 1618 978 adsignantes.
1665 927 1708 966 et
1726 923 1925 966 Vitellius

149 1001 331 1044 credidit
360 1002 414 1044 de
441 999 621 1056 perfidia
660 1004 704 1044 et
732 1000 859 1045 fidem
899 1001 1092 1045 absolvit.
1154 1002 1320 1046 Salvius
1351 1003 1546 1046 Titianus
1577 1003 1755 1046 Othonis
1791 1002 1926 1046 frater

148 1080 312 1124 nullum
340 1081 566 1125 discrimen
596 1082 715 1134 adiit,
745 1082 909 1135 pietate
938 1085 982 1125 et
1009 1083 1181 1136 ignavia
1210 1086 1449 1126 excusatus.
1509 1083 1645 1126 Mario
1674 1083 1796 1126 Celso
1828 1095 1924 1126 con-

147 1160 316 1204 sulatus
345 1164 563 1204 servatur:
594 1162 671 1204 sed
699 1162 907 1205 creditum
938 1161 1051 1205 fama
1075 1162 1370 1217 obiectumque
1390 1176 1486 1205 mox
1506 1163 1548 1205 in
1570 1166 1719 1206 senatu
1741 1163 1924 1206 Caecilio
1940 1173 1981 1202 ιο

150 1240 353 1295 Simplici,
383 1242 496 1296 quod
526 1254 620 1284 eum
650 1241 851 1285 honorem
880 1243 1062 1296 pecunia
1091 1243 1283 1295 mercari,
1313 1255 1390 1285 nec
1419 1243 1510 1286 sine
1540 1243 1670 1286 exitio
1695 1242 1820 1296 Celsi,
1850 1256 1923 1286 vo-

147 1320 319 1365 luisset:
360 1322 521 1365 restitit
549 1321 750 1365 Vitellius
779 1322 983 1376 deditque
1011 1326 1163 1376 postea
1193 1323 1457 1366 consulatum
1488 1322 1679 1377 Simplici
1707 1323 1923 1366 innoxium

149 1405 193 1444 et
230 1402 475 1456 inemptum.
546 1401 802 1445 Trachalum
842 1402 1046 1445 adversus
1089 1403 1360 1446 criminantes
1403 1402 1574 1446 Galeria
1613 1416 1721 1446 uxor
1759 1403 1923 1446 Vitellii

146 1482 345 1536 protexit.

262 1561 356 1617 (61)
385 1562 504 1604 Inter
522 1574 771 1617 magnorum
792 1563 979 1605 virorum
1000 1563 1244 1606 discrimina
1269 1562 1532 1617 (pudendum
1554 1562 1691 1618 dictu)
1713 1562 1922 1605 Mariccus
1940 1574 1978 1603 15

147 1642 343 1696 quidam,
386 1655 410 1685 e
438 1641 561 1696 plebe
590 1642 815 1696 Boiorum,
858 1643 1044 1686 inserere
1082 1656 1175 1686 sese
1216 1642 1413 1686 fortunae
1453 1646 1496 1685 et
1532 1655 1764 1697 provocare
1804 1655 1922 1685 arma

147 1721 337 1765 Romana
366 1722 638 1765 simulatione
666 1723 883 1766 numinum
914 1736 1044 1766 ausus
1074 1728 1151 1767 est,
1197 1724 1365 1778 iamque
1395 1724 1590 1766 adsertor
1613 1722 1847 1766 Galliarum
1879 1727 1922 1765 et

150 1802 257 1845 deus
287 1802 404 1857 (nam
435 1803 480 1846 id
510 1802 592 1847 sibi
621 1802 852 1859 indiderat)
892 1804 1068 1847 concitis
1108 1806 1203 1847 octo
1242 1803 1412 1847 milibus
1451 1804 1667 1847 hominum
1706 1803 1923 1858 proximos

242 1977 259 2007 1
282 1975 401 2015 iuycos
492 1977 512 2007 2
538 1979 644 2016 cetere
729 1980 761 2008 et
783 1977 830 2007 bis
924 1978 943 2009 e
968 1977 1128 2016 praestum
1220 1964 1383 2017 permixti
1406 1975 1479 2020 (sio)
1573 1978 1594 2009 s
1619 1975 1730 2020 fidem]
1755 1977 1828 2008 ideo
1848 1977 1920 2006 Mu-

146 2024 233 2052 rem
326 2023 368 2053 10
401 2022 508 2054 famae
532 2022 725 2054 Reimheim
820 2025 859 2054 11
885 2023 973 2061 quod
996 2025 1036 2054 81ῑ
1060 2024 1182 2054 honore
1208 2023 1256 2066 (ut
1278 2023 1326 2054 ed.
1343 2021 1467 2064 princ.)
1559 2023 1698 2062 pecunia
1792 2024 1832 2053 13
1866 2023 1919 2053 In-

149 2069 227 2106 eptt‘i
318 2068 413 2099 uxori
436 2068 509 2108 (sed
530 2078 612 2099 corr.
642 2070 706 2107 lm)
804 2071 843 2100 16
878 2078 896 2099 e
919 2068 1060 2108 plebebo
1084 2070 1162 2100 Ιοῐιῑ
1258 2071 1299 2101 18
1334 2066 1425 2111 118111]
1451 2068 1594 2100 nominis
1618 2068 1655 2099 b2
1669 2092 1677 2108 ‚
1715 2078 1833 2100 nomen
1857 2069 1919 2098 Be-

147 2112 281 2145 roaldus
303 2113 394 2157 (118111
417 2114 451 2145 id
475 2114 540 2146 sibi
563 2114 727 2146 indiderat
751 2123 870 2146 nomen
894 2113 1038 2157 Ervaesti)

198 2263 253 2295 60.
299 2262 466 2303 8988111108
497 2262 608 2308 tenuit]
643 2265 773 2296 Morose
808 2267 841 2295 et
875 2263 1015 2304 superbe
1052 2263 1151 2294 ditum
1164 2261 1277 2306 fama]
1312 2263 1411 2302 „quia
1435 2263 1523 2294 fama
1546 2263 1617 2294 eius
1641 2262 1688 2294 rei
1713 2262 1918 2296 obtinebat.“

148 2319 329 2351 audiendae
354 2321 555 2353 defensionis
584 2326 714 2362 tempus
746 2322 922 2361 differens,
959 2330 1015 2352 eos
1051 2320 1189 2362 Dumm-
1236 2320 1312 2351 Sine
1352 2329 1451 2351 881188
1485 2320 1730 2352 Freinshemius
1769 2321 1915 2352 malebat

147 2376 288 2409 detinuit
320 2387 414 2419 reos,
451 2379 506 2418 qui
536 2379 675 2419 squalidi
709 2379 763 2410 vel
788 2379 945 2410 sordidati
968 2379 1015 2409 di·
1043 2376 1171 2416 famae.
1190 2395 1230 2401 -—-
1255 2375 1382 2421 restim]
1401 2377 1620 2416 „contradixit
1637 2377 1823 2417 simplicem
1839 2387 1915 2417 pur-

148 2437 276 2475 cuntur,
293 2438 329 2466 ut
344 2435 430 2467 Ann.
449 2439 480 2477 2,
500 2438 541 2469 29
560 2440 592 2468 et
607 2437 686 2468 alibi
704 2436 857 2468 vidimus.
875 2436 1012 2466 Durum.

148 2491 188 2524 cf.
215 2493 247 2532 1,
271 2493 315 2525 54
346 2493 380 2523 in
403 2493 584 2533 squalorem
610 2494 859 2533 maestitiamque
891 2503 1015 2533 compo-

149 2548 224 2590 m'ti,
260 2550 346 2581 Ann.
372 2551 404 2590 4,
432 2552 474 2583 28
498 2551 675 2590 inluvieque
701 2562 741 2583 ac
764 2551 911 2590 squalore
935 2550 1015 2581 obsi*

148 2610 208 2646 tue,
234 2605 345 2638 Germ.
360 2609 401 2640 31
420 2613 526 2639 manet
541 2609 673 2648 squalor
688 2610 768 2652 (scil.
785 2609 883 2640 crinis
897 2608 1013 2639 barba-

149 2673 213 2703 que
237 2662 438 2709 summissa).
485 2665 539 2697 Sic
573 2667 774 2706 aliquamdiu
807 2666 904 2698 sortis
935 2674 1014 2697 81188

149 2721 265 2753 incerti
289 2724 387 2761 atque
411 2722 500 2754 anxii
522 2723 709 2755 manebant.
735 2742 780 2747 —
813 2724 897 2755 ultro
922 2724 1014 2764 inpu-

148 2777 271 2823 tabant]
305 2780 374 2811 scil.
409 2780 563 2820 Vitellio,
601 2781 656 2821 qui
692 2781 787 2813 huius
820 2781 1014 2822 proditionis

148 2836 231 2877 ipsis
270 2837 409 2876 gratiam
445 2837 590 2869 referret.
638 2839 679 2871 cf.
721 2841 756 2878 1,
782 2841 835 2871 71.
877 2839 1014 2870 DUEBN.

150 2893 311 2934 „Insuper
326 2894 548 2935 postulabant,
574 2898 610 2926 ut
632 2896 773 2936 proditio
797 2895 860 2927 sibi
884 2895 917 2925 in
942 2904 1015 2934 gra-

149 2950 228 2982 tiam
265 2953 483 2983 verteretur.“
523 2954 633 2984 BAcn.
661 2972 704 2977 —
732 2952 835 2993 fldem
867 2950 1014 2995 absolvit]

150 3007 318 3047 „perfidos
353 3009 453 3040 fuisse
492 3009 525 3040 in
563 3010 619 3041 illo
655 3010 842 3042 discrimine
881 3009 1017 3040 credidit

151 3064 349 3103 fingentibus
383 3075 485 3105 eaque
509 3067 549 3099 de
574 3077 672 3100 881188
695 3067 771 3099 fidei
795 3068 829 3098 in
853 3066 1016 3098 Othonem

153 3120 309 3160 pristinae
333 3123 464 3154 veniam
488 3124 610 3155 dedit-‘⁴
637 3125 723 3156 Eun.
761 3124 810 3169 cf.»
829 3126 859 3164 1,
879 3124 922 3155 59
947 3133 1016 3154 cen-

152 3177 291 3209 tur-iona
314 3195 358 3202 —
381 3180 486 3211 occidi
516 3180 609 3213 iuuit
644 3182 810 3213 damnatos
839 3181 921 3221 fidei
952 3180 1015 3211 cri-

152 3233 252 3273 mine,
286 3236 473 3274 pravissimo
497 3238 577 3269 inter
599 3238 814 3270 desciscentes.
839 3255 882 3262 -—
909 3238 1017 3268 Mario

156 3289 257 3334 Celso]
283 3292 334 3322 Ex
350 3292 454 3324 Taciti
478 3295 608 3327 silentio
631 3296 725 3327 facile
748 3297 884 3335 colligas
909 3295 1016 3327 virum

155 3348 241 3380 hunc
277 3358 471 3388 generosum
506 3362 712 3393 nequaquam
750 3354 909 3384 imitatum
945 3362 1016 3384 esse

154 3407 311 3446 pusillum
331 3407 476 3439 Suetonii
501 3412 532 3441 et
547 3410 677 3442 Proculi
701 3410 854 3442 animum.
882 3428 924 3434 -
949 3420 1015 3442 cre-

200 3463 341 3495 Tacitus.
380 3465 422 3495 11.

1051 2436 1167 2473 gans‚“
1193 2438 1359 2475 exponunt
1382 2435 1548 2475 nonnulli,
1574 2444 1689 2466 verum
1714 2439 1763 2466 est
1786 2435 1915 2474 potius:

1052 2501 1109 2530 „se
1134 2491 1175 2522 ab
1199 2493 1259 2523 illo
1283 2493 1422 2532 pecunia
1445 2491 1608 2532 eorrumpi
1634 2501 1750 2531 passus
1774 2502 1840 2522 non
1865 2496 1914 2523 est

1050 2558 1155 2587 neque
1179 2549 1311 2581 Celsum
1335 2549 1511 2588 perdidit.“
1536 2567 1581 2573 —
1607 2549 1754 2590 Galeria]
1783 2548 1913 2580 Galerio

1051 2606 1232 2646 Τ18811810,
1259 2607 1298 2637 (18
1323 2615 1386 2645 quo
1414 2608 1443 2645 1,
1469 2608 1523 2645 90,
1549 2609 1584 2637 ut
1607 2606 1756 2646 videtur,
1782 2607 1915 2647 propin—

1050 2672 1123 2702 qua.

1096 2722 1150 2753 61.
1198 2718 1362 2763 Boiorum]
1404 2721 1457 2751 hic
1491 2730 1570 2760 gens
1607 2720 1734 2752 Gallica
1770 2720 1914 2752 Novem-

1050 2778 1247 2818 populaniae
1263 2778 1483 2819 significatur3
1509 2778 1605 2809 hodie
1623 2777 1854 2809 Bourbonnais.
1873 2797 1914 2802 —-

1050 2835 1189 2866 inserere
1213 2844 1279 2866 sese
1294 2832 1463 2878 fortunae]
1499 2835 1612 2866 eodem
1638 2835 1705 2866 fere
1730 2844 1827 2866 sensu
1851 2845 1915 2874 quo

1052 2893 1128 2925 dial.
1156 2893 1199 2924 10
1222 2902 1333 2924 nomen
1357 2892 1495 2924 inserere
1511 2891 1628 2931 famae
1652 2895 1708 2923 aut
1732 2893 1817 2924 Ann.
1845 2893 1876 2931 6,
1897 2894 1916 2923 2

1051 2950 1279 2990 iqnobilitacem
1311 2959 1401 2981 suam
1432 2949 1557 2988 magmis
1589 2948 1766 2980 nominibus
1795 2949 1914 2980 inserat.

1052 3008 1273 3039 Donnunnm.
1299 3025 1340 3031 —
1365 3006 1563 3038 simulacione
1578 3006 1747 3047 numinum]
1773 3006 1842 3037 scil.
1860 3016 1916 3037 an-

1052 3065 1241 3104 nuentium,
1267 3065 1299 3095 id
1323 3065 1513 3095 volentium.
1551 3064 1687 3094 Duum«.
1712 3079 1755 3086 ———
1786 3074 1859 3094 nam
1883 3063 1920 3094 id

1053 3122 1116 3153 sibi
1136 3119 1310 3164 indiderat]
1345 3121 1376 3152 h.
1396 3131 1422 3152 e.
1448 3124 1575 3152 tantum
1608 3120 1670 3152 sibi
1693 3125 1917 3160 arrogaverat,

1055 3182 1256 3219 sumpserat,
1293 3178 1361 3209 scil.
1397 3182 1432 3209 ut
1455 3178 1655 3209 adsertorem
1680 3177 1863 3209 Galliarum
1887 3182 1919 3209 et

1053 3237 1149 3268 deum
1172 3246 1207 3268 88
1233 3245 1304 3267 8888
1330 3235 1482 3275 iactarem
1519 3245 1591 3266 88111
1626 3235 1745 3266 famam
1770 3235 1833 3267 sibi
1857 3236 1917 3266 cir-

1053 3293 1269 3326 cumdederat.
1311 3302 1376 3324 non
1401 3293 1500 3332 igitur
1522 3301 1633 3323 nomen
1664 3292 1917 3332 subintellegen-

1053 3352 1128 3382 dum
1153 3354 1208 3382 aut
1232 3349 1438 3382 inserendum
1464 3354 1523 3381 est.
1571 3350 1630 3392 (Ut
1652 3349 1833 3390 Mariccus,
1872 3349 1917 3380 sic

1053 3409 1131 3440 olim
1164 3408 1267 3447 Syrus
1298 3407 1427 3447 quidam
1459 3406 1583 3440 nemim
1615 3406 1726 3437 Eunus
1761 3401 1919 3451 (Εὔνους)

1596 3467 1647 3504 24
