<?xml version="1.0" encoding="UTF-8"?>
<!DOCTYPE html PUBLIC "-//W3C//DTD XHTML 1.0 Transitional//EN"
    "http://www.w3.org/TR/xhtml1/DTD/xhtml1-transitional.dtd">
<html xmlns="http://www.w3.org/1999/xhtml" xml:lang="en" lang="en">
 <head>
  <title>
</title>
<meta http-equiv="Content-Type" content="text/html;charset=utf-8" />
  <meta name='ocr-system' content='tesseract 3.04.00' />
  <meta name='ocr-capabilities' content='ocr_page ocr_carea ocr_par ocr_line ocrx_word'/>
</head>
<body>
  <div class='ocr_page' id='page_1' title='image "./pcorneliitacitio02taciuoft_0445.png"; bbox 0 0 2176 3672; ppageno 0'>
   <div class='ocr_carea' id='block_1_1' title="bbox 700 299 1948 360">
    <p class='ocr_par' dir='ltr' id='par_1_1' title="bbox 700 299 1948 360">
     <span class='ocr_line' id='line_1_1' title="bbox 700 299 1948 360; baseline 0.006 -14"><span class='ocrx_word' id='word_1_1' title='bbox 700 299 871 348; x_wconf 78' lang='lat' dir='ltr'>LIBER</span> <span class='ocrx_word' id='word_1_2' title='bbox 899 302 979 348; x_wconf 83' lang='lat' dir='ltr'><strong>m</strong></span> <span class='ocrx_word' id='word_1_3' title='bbox 1038 304 1140 360; x_wconf 78' lang='lat' dir='ltr'><strong>eap.</strong></span> <span class='ocrx_word' id='word_1_4' title='bbox 1170 306 1239 350; x_wconf 88' lang='lat'><strong>44.</strong></span> <span class='ocrx_word' id='word_1_5' title='bbox 1268 306 1337 350; x_wconf 88' lang='lat'><strong>45.</strong></span> <span class='ocrx_word' id='word_1_6' title='bbox 1366 307 1436 353; x_wconf 85' lang='lat'><strong>46.</strong></span> <span class='ocrx_word' id='word_1_7' title='bbox 1863 310 1948 354; x_wconf 85' lang='lat'><strong>423</strong></span> 
     </span>
    </p>
   </div>
   <div class='ocr_carea' id='block_1_2' title="bbox 163 413 2002 2078">
    <p class='ocr_par' dir='ltr' id='par_1_2' title="bbox 163 413 2002 2078">
     <span class='ocr_line' id='line_1_2' title="bbox 182 413 1947 479; baseline 0.005 -20"><span class='ocrx_word' id='word_1_8' title='bbox 182 413 283 459; x_wconf 89' lang='lat' dir='ltr'><strong>inde</strong></span> <span class='ocrx_word' id='word_1_9' title='bbox 310 426 413 469; x_wconf 83' lang='lat' dir='ltr'><strong>opes</strong></span> <span class='ocrx_word' id='word_1_10' title='bbox 441 421 486 459; x_wconf 89' lang='lat' dir='ltr'><strong>et</strong></span> <span class='ocrx_word' id='word_1_11' title='bbox 514 428 654 460; x_wconf 89' lang='lat' dir='ltr'><strong>rerum</strong></span> <span class='ocrx_word' id='word_1_12' title='bbox 683 418 962 463; x_wconf 87' lang='lat' dir='ltr'><strong>secundarum</strong></span> <span class='ocrx_word' id='word_1_13' title='bbox 991 421 1136 463; x_wconf 90' lang='lat' dir='ltr'><strong>luxus:</strong></span> <span class='ocrx_word' id='word_1_14' title='bbox 1166 427 1310 475; x_wconf 86' lang='lat' dir='ltr'><strong>spreto</strong></span> <span class='ocrx_word' id='word_1_15' title='bbox 1340 422 1522 466; x_wconf 88' lang='lat' dir='ltr'><strong>Venutio</strong></span> <span class='ocrx_word' id='word_1_16' title='bbox 1551 423 1608 478; x_wconf 91' lang='lat' dir='ltr'><strong>(is</strong></span> <span class='ocrx_word' id='word_1_17' title='bbox 1636 422 1718 467; x_wconf 83' lang='lat' dir='ltr'><strong>fuit</strong></span> <span class='ocrx_word' id='word_1_18' title='bbox 1748 425 1947 479; x_wconf 87' lang='lat' dir='ltr'><strong>maritus)</strong></span> 
     </span>
     <span class='ocr_line' id='line_1_3' title="bbox 182 495 1949 557; baseline 0.007 -20"><span class='ocrx_word' id='word_1_19' title='bbox 182 495 436 550; x_wconf 81' lang='lat' dir='ltr'><strong>armigerum</strong></span> <span class='ocrx_word' id='word_1_20' title='bbox 465 496 556 540; x_wconf 88' lang='lat' dir='ltr'><strong>eius</strong></span> <span class='ocrx_word' id='word_1_21' title='bbox 574 496 836 541; x_wconf 70' lang='lat' dir='ltr'><strong>Vellocatum</strong></span> <span class='ocrx_word' id='word_1_22' title='bbox 866 500 910 542; x_wconf 91' lang='lat' dir='ltr'><strong>in</strong></span> <span class='ocrx_word' id='word_1_23' title='bbox 930 500 1240 544; x_wconf 74' lang='lat' dir='ltr'><strong>matrimonium</strong></span> <span class='ocrx_word' id='word_1_24' title='bbox 1261 514 1520 557; x_wconf 82' lang='lat' dir='ltr'><strong>regnumque</strong></span> <span class='ocrx_word' id='word_1_25' title='bbox 1540 504 1716 557; x_wconf 85' lang='lat' dir='ltr'><strong>accepit.</strong></span> <span class='ocrx_word' id='word_1_26' title='bbox 1746 516 1949 548; x_wconf 88' lang='lat' dir='ltr'><strong>concussa</strong></span> 
     </span>
     <span class='ocr_line' id='line_1_4' title="bbox 182 573 1947 637; baseline 0.006 -19"><span class='ocrx_word' id='word_1_27' title='bbox 182 573 520 631; x_wconf 63' lang='lat' dir='ltr'><strong>statim‘flagitio</strong></span> <span class='ocrx_word' id='word_1_28' title='bbox 549 577 718 621; x_wconf 89' lang='lat' dir='ltr'><strong>domus:</strong></span> <span class='ocrx_word' id='word_1_29' title='bbox 762 591 840 632; x_wconf 91' lang='lat' dir='ltr'><strong>pro</strong></span> <span class='ocrx_word' id='word_1_30' title='bbox 867 580 1021 623; x_wconf 90' lang='lat' dir='ltr'><strong>marito</strong></span> <span class='ocrx_word' id='word_1_31' title='bbox 1049 581 1195 625; x_wconf 91' lang='lat' dir='ltr'><strong>studia</strong></span> <span class='ocrx_word' id='word_1_32' title='bbox 1233 583 1433 635; x_wconf 87' lang='lat' dir='ltr'><strong>civitatis,</strong></span> <span class='ocrx_word' id='word_1_33' title='bbox 1472 595 1551 637; x_wconf 88' lang='lat' dir='ltr'><strong>pro</strong></span> <span class='ocrx_word' id='word_1_34' title='bbox 1579 583 1773 627; x_wconf 84' lang='lat' dir='ltr'><strong>adultero</strong></span> <span class='ocrx_word' id='word_1_35' title='bbox 1815 583 1947 628; x_wconf 89' lang='lat' dir='ltr'><strong>libido</strong></span> 
     </span>
     <span class='ocr_line' id='line_1_5' title="bbox 179 656 1947 719; baseline 0.005 -20"><span class='ocrx_word' id='word_1_36' title='bbox 179 656 351 712; x_wconf 85' lang='lat' dir='ltr'><strong>reginae</strong></span> <span class='ocrx_word' id='word_1_37' title='bbox 380 661 425 700; x_wconf 92' lang='lat' dir='ltr'><strong>et</strong></span> <span class='ocrx_word' id='word_1_38' title='bbox 453 657 644 700; x_wconf 83' lang='lat' dir='ltr'><strong>saevitia.</strong></span> <span class='ocrx_word' id='word_1_39' title='bbox 690 659 821 712; x_wconf 86' lang='lat' dir='ltr'><strong>igitur</strong></span> <span class='ocrx_word' id='word_1_40' title='bbox 850 659 1059 703; x_wconf 80' lang='lat' dir='ltr'><strong>Venutius</strong></span> <span class='ocrx_word' id='word_1_41' title='bbox 1087 661 1234 705; x_wconf 87' lang='lat' dir='ltr'><strong>accitis</strong></span> <span class='ocrx_word' id='word_1_42' title='bbox 1263 662 1443 716; x_wconf 81' lang='lat' dir='ltr'><strong>auxiliis,</strong></span> <span class='ocrx_word' id='word_1_43' title='bbox 1483 664 1607 707; x_wconf 87' lang='lat' dir='ltr'><strong>simul</strong></span> <span class='ocrx_word' id='word_1_44' title='bbox 1635 665 1823 719; x_wconf 85' lang='lat' dir='ltr'><strong>ipsorum</strong></span> <span class='ocrx_word' id='word_1_45' title='bbox 1852 664 1947 708; x_wconf 92' lang='lat' dir='ltr'><strong>Bri—</strong></span> 
     </span>
     <span class='ocr_line' id='line_1_6' title="bbox 178 735 2002 791; baseline 0.003 -12"><span class='ocrx_word' id='word_1_46' title='bbox 178 740 356 791; x_wconf 83' lang='lat' dir='ltr'><strong>gantum</strong></span> <span class='ocrx_word' id='word_1_47' title='bbox 385 735 621 781; x_wconf 83' lang='lat' dir='ltr'><strong>defectione</strong></span> <span class='ocrx_word' id='word_1_48' title='bbox 651 738 694 780; x_wconf 90' lang='lat' dir='ltr'><strong>in</strong></span> <span class='ocrx_word' id='word_1_49' title='bbox 723 743 956 782; x_wconf 89' lang='lat' dir='ltr'><strong>extremum</strong></span> <span class='ocrx_word' id='word_1_50' title='bbox 987 740 1214 785; x_wconf 82' lang='lat' dir='ltr'><strong>discrimen</strong></span> <span class='ocrx_word' id='word_1_51' title='bbox 1244 741 1592 787; x_wconf 76' lang='lat' dir='ltr'><strong>Cartimanduam</strong></span> <span class='ocrx_word' id='word_1_52' title='bbox 1622 744 1812 788; x_wconf 84' lang='lat' dir='ltr'><strong>adduxit.</strong></span> <span class='ocrx_word' id='word_1_53' title='bbox 1854 748 1946 788; x_wconf 90' lang='lat' dir='ltr'><strong>tum</strong></span> <span class='ocrx_word' id='word_1_54' title='bbox 1982 757 2002 785; x_wconf 86' lang='lat'><strong>5</strong></span> 
     </span>
     <span class='ocr_line' id='line_1_7' title="bbox 177 817 1945 878; baseline 0.005 -19"><span class='ocrx_word' id='word_1_55' title='bbox 177 817 314 872; x_wconf 88' lang='lat' dir='ltr'><strong>petita</strong></span> <span class='ocrx_word' id='word_1_56' title='bbox 341 830 369 860; x_wconf 90' lang='lat' dir='ltr'><strong>a</strong></span> <span class='ocrx_word' id='word_1_57' title='bbox 396 818 596 861; x_wconf 85' lang='lat' dir='ltr'><strong>Romanis</strong></span> <span class='ocrx_word' id='word_1_58' title='bbox 623 819 848 872; x_wconf 84' lang='lat' dir='ltr'><strong>praesidia.</strong></span> <span class='ocrx_word' id='word_1_59' title='bbox 892 824 935 863; x_wconf 91' lang='lat' dir='ltr'><strong>et</strong></span> <span class='ocrx_word' id='word_1_60' title='bbox 972 821 1166 864; x_wconf 85' lang='lat' dir='ltr'><strong>cohortes</strong></span> <span class='ocrx_word' id='word_1_61' title='bbox 1203 822 1379 878; x_wconf 85' lang='lat' dir='ltr'><strong>alaeque</strong></span> <span class='ocrx_word' id='word_1_62' title='bbox 1408 827 1578 866; x_wconf 84' lang='lat' dir='ltr'><strong>nostrae</strong></span> <span class='ocrx_word' id='word_1_63' title='bbox 1616 823 1745 867; x_wconf 85' lang='lat' dir='ltr'><strong>variis</strong></span> <span class='ocrx_word' id='word_1_64' title='bbox 1772 823 1945 878; x_wconf 88' lang='lat' dir='ltr'><strong>proeliis</strong></span> 
     </span>
     <span class='ocr_line' id='line_1_8' title="bbox 176 899 1944 958; baseline 0.005 -19"><span class='ocrx_word' id='word_1_65' title='bbox 176 899 368 941; x_wconf 82' lang='lat' dir='ltr'><strong>exemere</strong></span> <span class='ocrx_word' id='word_1_66' title='bbox 388 902 531 941; x_wconf 86' lang='lat' dir='ltr'><strong>tamen</strong></span> <span class='ocrx_word' id='word_1_67' title='bbox 550 899 737 952; x_wconf 88' lang='lat' dir='ltr'><strong>periculo</strong></span> <span class='ocrx_word' id='word_1_68' title='bbox 756 900 970 953; x_wconf 84' lang='lat' dir='ltr'><strong>reginam:</strong></span> <span class='ocrx_word' id='word_1_69' title='bbox 1000 914 1176 955; x_wconf 83' lang='lat' dir='ltr'><strong>regnum</strong></span> <span class='ocrx_word' id='word_1_70' title='bbox 1196 902 1392 958; x_wconf 88' lang='lat' dir='ltr'><strong>Venutio,</strong></span> <span class='ocrx_word' id='word_1_71' title='bbox 1420 903 1575 947; x_wconf 91' lang='lat' dir='ltr'><strong>bellum</strong></span> <span class='ocrx_word' id='word_1_72' title='bbox 1596 904 1717 947; x_wconf 90' lang='lat' dir='ltr'><strong>nobis</strong></span> <span class='ocrx_word' id='word_1_73' title='bbox 1737 904 1944 948; x_wconf 83' lang='lat' dir='ltr'><strong>relictum.</strong></span> 
     </span>
     <span class='ocr_line' id='line_1_9' title="bbox 318 977 1944 1036; baseline 0.004 -16"><span class='ocrx_word' id='word_1_74' title='bbox 318 977 415 1032; x_wconf 84' lang='lat'>(46)</span> <span class='ocrx_word' id='word_1_75' title='bbox 441 978 631 1022; x_wconf 85' lang='lat' dir='ltr'><strong>Turbata</strong></span> <span class='ocrx_word' id='word_1_76' title='bbox 658 992 735 1033; x_wconf 91' lang='lat' dir='ltr'><strong>per</strong></span> <span class='ocrx_word' id='word_1_77' title='bbox 764 980 932 1024; x_wconf 88' lang='lat' dir='ltr'><strong>eosdem</strong></span> <span class='ocrx_word' id='word_1_78' title='bbox 962 981 1053 1024; x_wconf 88' lang='lat' dir='ltr'><strong>dies</strong></span> <span class='ocrx_word' id='word_1_79' title='bbox 1084 981 1311 1025; x_wconf 86' lang='lat' dir='ltr'><strong>Germania</strong></span> <span class='ocrx_word' id='word_1_80' title='bbox 1340 988 1384 1026; x_wconf 89' lang='lat' dir='ltr'><strong>et</strong></span> <span class='ocrx_word' id='word_1_81' title='bbox 1411 984 1603 1026; x_wconf 87' lang='lat' dir='ltr'><strong>socordia</strong></span> <span class='ocrx_word' id='word_1_82' title='bbox 1633 985 1798 1036; x_wconf 90' lang='lat' dir='ltr'><strong>ducum,</strong></span> <span class='ocrx_word' id='word_1_83' title='bbox 1833 985 1944 1028; x_wconf 90' lang='lat' dir='ltr'><strong>sedi-</strong></span> 
     </span>
     <span class='ocr_line' id='line_1_10' title="bbox 175 1057 1943 1117; baseline 0.004 -17"><span class='ocrx_word' id='word_1_84' title='bbox 175 1057 290 1101; x_wconf 85' lang='lat' dir='ltr'><strong>tione</strong></span> <span class='ocrx_word' id='word_1_85' title='bbox 317 1057 542 1116; x_wconf 85' lang='lat' dir='ltr'><strong>legionum‚</strong></span> <span class='ocrx_word' id='word_1_86' title='bbox 585 1064 759 1102; x_wconf 87' lang='lat' dir='ltr'><strong>externa</strong></span> <span class='ocrx_word' id='word_1_87' title='bbox 786 1060 842 1114; x_wconf 82' lang='lat' dir='ltr'><strong>vi,</strong></span> <span class='ocrx_word' id='word_1_88' title='bbox 884 1060 1064 1114; x_wconf 87' lang='lat' dir='ltr'><strong>perfidia</strong></span> <span class='ocrx_word' id='word_1_89' title='bbox 1102 1062 1246 1105; x_wconf 89' lang='lat' dir='ltr'><strong>sociali</strong></span> <span class='ocrx_word' id='word_1_90' title='bbox 1286 1074 1416 1117; x_wconf 88' lang='lat' dir='ltr'><strong>prope</strong></span> <span class='ocrx_word' id='word_1_91' title='bbox 1445 1063 1618 1107; x_wconf 89' lang='lat' dir='ltr'><strong>adflicta</strong></span> <span class='ocrx_word' id='word_1_92' title='bbox 1646 1065 1834 1107; x_wconf 91' lang='lat' dir='ltr'><strong>Romana</strong></span> <span class='ocrx_word' id='word_1_93' title='bbox 1862 1076 1943 1108; x_wconf 80' lang='lat' dir='ltr'><strong>res,</strong></span> 
     </span>
     <span class='ocr_line' id='line_1_11' title="bbox 173 1126 2000 1198; baseline 0.002 -18"><span class='ocrx_word' id='word_1_94' title='bbox 173 1138 218 1181; x_wconf 90' lang='lat' dir='ltr'><strong>id</strong></span> <span class='ocrx_word' id='word_1_95' title='bbox 249 1137 405 1181; x_wconf 87' lang='lat' dir='ltr'><strong>bellum</strong></span> <span class='ocrx_word' id='word_1_96' title='bbox 435 1150 530 1181; x_wconf 90' lang='lat' dir='ltr'><strong>cum</strong></span> <span class='ocrx_word' id='word_1_97' title='bbox 560 1126 699 1182; x_wconf 88' lang='lat' dir='ltr'><strong>causis</strong></span> <span class='ocrx_word' id='word_1_98' title='bbox 727 1144 770 1182; x_wconf 91' lang='lat' dir='ltr'><strong>et</strong></span> <span class='ocrx_word' id='word_1_99' title='bbox 799 1140 1020 1183; x_wconf 85' lang='lat' dir='ltr'><strong>eventibus</strong></span> <span class='ocrx_word' id='word_1_100' title='bbox 1050 1142 1225 1196; x_wconf 88' lang='lat' dir='ltr'><strong>(etenim</strong></span> <span class='ocrx_word' id='word_1_101' title='bbox 1255 1142 1419 1195; x_wconf 86' lang='lat' dir='ltr'><strong>longius</strong></span> <span class='ocrx_word' id='word_1_102' title='bbox 1458 1147 1704 1197; x_wconf 86' lang='lat' dir='ltr'><strong>provectum</strong></span> <span class='ocrx_word' id='word_1_103' title='bbox 1734 1145 1818 1198; x_wconf 88' lang='lat' dir='ltr'><strong>est)</strong></span> <span class='ocrx_word' id='word_1_104' title='bbox 1848 1155 1943 1187; x_wconf 90' lang='lat' dir='ltr'><strong>mox</strong></span> <span class='ocrx_word' id='word_1_105' title='bbox 1957 1154 2000 1184; x_wconf 84' lang='grc' dir='ltr'><strong>ιο</strong></span> 
     </span>
     <span class='ocr_line' id='line_1_12' title="bbox 173 1218 1943 1276; baseline 0.004 -16"><span class='ocrx_word' id='word_1_106' title='bbox 173 1218 508 1262; x_wconf 86' lang='lat' dir='ltr'><strong>memorabimus.</strong></span> <span class='ocrx_word' id='word_1_107' title='bbox 566 1223 682 1263; x_wconf 89' lang='lat' dir='ltr'><strong>mota</strong></span> <span class='ocrx_word' id='word_1_108' title='bbox 721 1224 765 1263; x_wconf 89' lang='lat' dir='ltr'><strong>et</strong></span> <span class='ocrx_word' id='word_1_109' title='bbox 804 1219 1011 1264; x_wconf 87' lang='lat' dir='ltr'><strong>Dacorum</strong></span> <span class='ocrx_word' id='word_1_110' title='bbox 1049 1234 1154 1276; x_wconf 86' lang='lat' dir='ltr'><strong>gens</strong></span> <span class='ocrx_word' id='word_1_111' title='bbox 1182 1234 1409 1276; x_wconf 89' lang='lat' dir='ltr'><strong>numquam</strong></span> <span class='ocrx_word' id='word_1_112' title='bbox 1438 1222 1538 1276; x_wconf 89' lang='lat' dir='ltr'><strong>fida,</strong></span> <span class='ocrx_word' id='word_1_113' title='bbox 1577 1227 1679 1267; x_wconf 92' lang='lat' dir='ltr'><strong>tunc</strong></span> <span class='ocrx_word' id='word_1_114' title='bbox 1707 1224 1798 1267; x_wconf 88' lang='lat' dir='ltr'><strong>sine</strong></span> <span class='ocrx_word' id='word_1_115' title='bbox 1826 1230 1943 1267; x_wconf 91' lang='lat' dir='ltr'><strong>metu</strong></span> 
     </span>
     <span class='ocr_line' id='line_1_13' title="bbox 172 1297 1941 1357; baseline 0.004 -17"><span class='ocrx_word' id='word_1_116' title='bbox 172 1297 358 1342; x_wconf 83' lang='lat' dir='ltr'><strong>abducto</strong></span> <span class='ocrx_word' id='word_1_117' title='bbox 387 1311 411 1342; x_wconf 91' lang='lat' dir='ltr'><strong>e</strong></span> <span class='ocrx_word' id='word_1_118' title='bbox 440 1298 602 1343; x_wconf 86' lang='lat' dir='ltr'><strong>Moesia</strong></span> <span class='ocrx_word' id='word_1_119' title='bbox 629 1301 828 1343; x_wconf 85' lang='lat' dir='ltr'><strong>exercitu.</strong></span> <span class='ocrx_word' id='word_1_120' title='bbox 887 1303 963 1344; x_wconf 85' lang='lat' dir='ltr'><strong>sed</strong></span> <span class='ocrx_word' id='word_1_121' title='bbox 990 1301 1129 1355; x_wconf 89' lang='lat' dir='ltr'><strong>prima</strong></span> <span class='ocrx_word' id='word_1_122' title='bbox 1158 1314 1298 1345; x_wconf 89' lang='lat' dir='ltr'><strong>rerum</strong></span> <span class='ocrx_word' id='word_1_123' title='bbox 1329 1303 1461 1357; x_wconf 90' lang='lat' dir='ltr'><strong>quieti</strong></span> <span class='ocrx_word' id='word_1_124' title='bbox 1490 1303 1838 1356; x_wconf 87' lang='lat' dir='ltr'><strong>speculabantur:</strong></span> <span class='ocrx_word' id='word_1_125' title='bbox 1868 1304 1941 1347; x_wconf 90' lang='lat' dir='ltr'><strong>ubi</strong></span> 
     </span>
     <span class='ocr_line' id='line_1_14' title="bbox 170 1376 1940 1439; baseline 0.002 -17"><span class='ocrx_word' id='word_1_126' title='bbox 170 1376 353 1432; x_wconf 80' lang='lat' dir='ltr'><strong>flagrare</strong></span> <span class='ocrx_word' id='word_1_127' title='bbox 381 1378 550 1422; x_wconf 84' lang='lat' dir='ltr'><strong>Italiam</strong></span> <span class='ocrx_word' id='word_1_128' title='bbox 580 1379 703 1432; x_wconf 89' lang='lat' dir='ltr'><strong>bello,</strong></span> <span class='ocrx_word' id='word_1_129' title='bbox 732 1384 883 1423; x_wconf 90' lang='lat' dir='ltr'><strong>cuncta</strong></span> <span class='ocrx_word' id='word_1_130' title='bbox 911 1381 954 1423; x_wconf 92' lang='lat' dir='ltr'><strong>in</strong></span> <span class='ocrx_word' id='word_1_131' title='bbox 983 1380 1113 1424; x_wconf 87' lang='lat' dir='ltr'><strong>vicem</strong></span> <span class='ocrx_word' id='word_1_132' title='bbox 1144 1381 1315 1425; x_wconf 87' lang='lat' dir='ltr'><strong>hostilia</strong></span> <span class='ocrx_word' id='word_1_133' title='bbox 1343 1395 1554 1437; x_wconf 84' lang='lat' dir='ltr'><strong>accepere,</strong></span> <span class='ocrx_word' id='word_1_134' title='bbox 1593 1384 1843 1439; x_wconf 84' lang='lat' dir='ltr'><strong>expugnatis</strong></span> <span class='ocrx_word' id='word_1_135' title='bbox 1872 1396 1940 1428; x_wconf 89' lang='lat' dir='ltr'><strong>co-</strong></span> 
     </span>
     <span class='ocr_line' id='line_1_15' title="bbox 168 1457 1940 1518; baseline 0.004 -18"><span class='ocrx_word' id='word_1_136' title='bbox 168 1457 354 1502; x_wconf 83' lang='lat' dir='ltr'><strong>hortium</strong></span> <span class='ocrx_word' id='word_1_137' title='bbox 384 1458 631 1514; x_wconf 87' lang='lat' dir='ltr'><strong>alarumque</strong></span> <span class='ocrx_word' id='word_1_138' title='bbox 660 1460 848 1504; x_wconf 89' lang='lat' dir='ltr'><strong>hibernis</strong></span> <span class='ocrx_word' id='word_1_139' title='bbox 886 1466 1066 1516; x_wconf 91' lang='lat' dir='ltr'><strong>utraque</strong></span> <span class='ocrx_word' id='word_1_140' title='bbox 1095 1461 1278 1504; x_wconf 87' lang='lat' dir='ltr'><strong>Danuvii</strong></span> <span class='ocrx_word' id='word_1_141' title='bbox 1307 1463 1401 1517; x_wconf 87' lang='lat' dir='ltr'><strong>ripa</strong></span> <span class='ocrx_word' id='word_1_142' title='bbox 1429 1463 1712 1517; x_wconf 89' lang='lat' dir='ltr'><strong>potiebantur.</strong></span> <span class='ocrx_word' id='word_1_143' title='bbox 1771 1465 1940 1518; x_wconf 86' lang='lat' dir='ltr'><strong>iamque</strong></span> 
     </span>
     <span class='ocr_line' id='line_1_16' title="bbox 169 1538 1995 1598; baseline 0.003 -16"><span class='ocrx_word' id='word_1_144' title='bbox 169 1542 312 1582; x_wconf 75' lang='lat' dir='ltr'><strong>castra</strong></span> <span class='ocrx_word' id='word_1_145' title='bbox 340 1538 550 1593; x_wconf 86' lang='lat' dir='ltr'><strong>legionum</strong></span> <span class='ocrx_word' id='word_1_146' title='bbox 580 1540 801 1584; x_wconf 83' lang='lat' dir='ltr'><strong>excindere</strong></span> <span class='ocrx_word' id='word_1_147' title='bbox 838 1541 1063 1594; x_wconf 89' lang='lat' dir='ltr'><strong>parabant,</strong></span> <span class='ocrx_word' id='word_1_148' title='bbox 1107 1542 1148 1584; x_wconf 92' lang='lat' dir='ltr'><strong>ni</strong></span> <span class='ocrx_word' id='word_1_149' title='bbox 1180 1542 1400 1585; x_wconf 87' lang='lat' dir='ltr'><strong>Mucianus</strong></span> <span class='ocrx_word' id='word_1_150' title='bbox 1437 1548 1600 1586; x_wconf 86' lang='lat' dir='ltr'><strong>sextam</strong></span> <span class='ocrx_word' id='word_1_151' title='bbox 1630 1543 1835 1598; x_wconf 85' lang='lat' dir='ltr'><strong>legionem</strong></span> <span class='ocrx_word' id='word_1_152' title='bbox 1865 1557 1939 1598; x_wconf 92' lang='lat' dir='ltr'><strong>op-</strong></span> <span class='ocrx_word' id='word_1_153' title='bbox 1954 1553 1995 1581; x_wconf 85' lang='lat'><strong>1⁵</strong></span> 
     </span>
     <span class='ocr_line' id='line_1_17' title="bbox 166 1617 1939 1678; baseline 0.003 -17"><span class='ocrx_word' id='word_1_154' title='bbox 166 1618 389 1672; x_wconf 82' lang='lat' dir='ltr'><strong>posuisset,</strong></span> <span class='ocrx_word' id='word_1_155' title='bbox 421 1617 710 1663; x_wconf 87' lang='lat' dir='ltr'><strong>Cremonensis</strong></span> <span class='ocrx_word' id='word_1_156' title='bbox 751 1620 953 1665; x_wconf 82' lang='lat' dir='ltr'><strong>victoriae</strong></span> <span class='ocrx_word' id='word_1_157' title='bbox 982 1633 1150 1675; x_wconf 88' lang='lat' dir='ltr'><strong>gnarus,</strong></span> <span class='ocrx_word' id='word_1_158' title='bbox 1192 1634 1243 1665; x_wconf 88' lang='lat' dir='ltr'><strong>ac</strong></span> <span class='ocrx_word' id='word_1_159' title='bbox 1270 1635 1324 1665; x_wconf 90' lang='lat' dir='ltr'><strong>ne</strong></span> <span class='ocrx_word' id='word_1_160' title='bbox 1355 1627 1529 1666; x_wconf 89' lang='lat' dir='ltr'><strong>externa</strong></span> <span class='ocrx_word' id='word_1_161' title='bbox 1556 1623 1690 1667; x_wconf 89' lang='lat' dir='ltr'><strong>moles</strong></span> <span class='ocrx_word' id='word_1_162' title='bbox 1725 1624 1939 1678; x_wconf 89' lang='lat' dir='ltr'><strong>utrimque</strong></span> 
     </span>
     <span class='ocr_line' id='line_1_18' title="bbox 166 1699 1938 1758; baseline 0.003 -17"><span class='ocrx_word' id='word_1_163' title='bbox 166 1699 396 1754; x_wconf 83' lang='lat' dir='ltr'><strong>ingrueret,</strong></span> <span class='ocrx_word' id='word_1_164' title='bbox 437 1699 475 1743; x_wconf 93' lang='lat' dir='ltr'><strong>si</strong></span> <span class='ocrx_word' id='word_1_165' title='bbox 502 1699 644 1743; x_wconf 87' lang='lat' dir='ltr'><strong>Dacus</strong></span> <span class='ocrx_word' id='word_1_166' title='bbox 675 1699 991 1756; x_wconf 85' lang='lat' dir='ltr'><strong>Germanusque</strong></span> <span class='ocrx_word' id='word_1_167' title='bbox 1031 1702 1187 1745; x_wconf 83' lang='lat' dir='ltr'><strong>diversi</strong></span> <span class='ocrx_word' id='word_1_168' title='bbox 1225 1703 1496 1757; x_wconf 88' lang='lat' dir='ltr'><strong>inrupissent.</strong></span> <span class='ocrx_word' id='word_1_169' title='bbox 1554 1703 1705 1756; x_wconf 87' lang='lat' dir='ltr'><strong>adfuit,</strong></span> <span class='ocrx_word' id='word_1_170' title='bbox 1734 1709 1783 1747; x_wconf 92' lang='lat' dir='ltr'><strong>ut</strong></span> <span class='ocrx_word' id='word_1_171' title='bbox 1813 1715 1938 1758; x_wconf 89' lang='lat' dir='ltr'><strong>saepe</strong></span> 
     </span>
     <span class='ocr_line' id='line_1_19' title="bbox 166 1777 1938 1838; baseline 0.003 -17"><span class='ocrx_word' id='word_1_172' title='bbox 166 1777 296 1832; x_wconf 87' lang='lat' dir='ltr'><strong>alias,</strong></span> <span class='ocrx_word' id='word_1_173' title='bbox 334 1778 504 1822; x_wconf 82' lang='lat' dir='ltr'><strong>fortuna</strong></span> <span class='ocrx_word' id='word_1_174' title='bbox 541 1780 687 1834; x_wconf 88' lang='lat' dir='ltr'><strong>populi</strong></span> <span class='ocrx_word' id='word_1_175' title='bbox 726 1781 917 1835; x_wconf 88' lang='lat' dir='ltr'><strong>Romani,</strong></span> <span class='ocrx_word' id='word_1_176' title='bbox 957 1795 1064 1836; x_wconf 91' lang='lat' dir='ltr'><strong>quae</strong></span> <span class='ocrx_word' id='word_1_177' title='bbox 1104 1781 1343 1825; x_wconf 87' lang='lat' dir='ltr'><strong>Mucianum</strong></span> <span class='ocrx_word' id='word_1_178' title='bbox 1385 1784 1578 1838; x_wconf 83' lang='lat' dir='ltr'><strong>viresque</strong></span> <span class='ocrx_word' id='word_1_179' title='bbox 1616 1783 1803 1827; x_wconf 85' lang='lat' dir='ltr'><strong>Orientis</strong></span> <span class='ocrx_word' id='word_1_180' title='bbox 1838 1783 1938 1827; x_wconf 91' lang='lat' dir='ltr'><strong>illuc</strong></span> 
     </span>
     <span class='ocr_line' id='line_1_20' title="bbox 165 1858 1936 1918; baseline 0.003 -17"><span class='ocrx_word' id='word_1_181' title='bbox 165 1858 276 1911; x_wconf 90' lang='lat' dir='ltr'><strong>tulit,</strong></span> <span class='ocrx_word' id='word_1_182' title='bbox 305 1864 351 1902; x_wconf 90' lang='lat' dir='ltr'><strong>et</strong></span> <span class='ocrx_word' id='word_1_183' title='bbox 379 1860 491 1913; x_wconf 87' lang='lat' dir='ltr'><strong>quod</strong></span> <span class='ocrx_word' id='word_1_184' title='bbox 524 1859 753 1904; x_wconf 88' lang='lat' dir='ltr'><strong>Cremonae</strong></span> <span class='ocrx_word' id='word_1_185' title='bbox 781 1861 951 1904; x_wconf 88' lang='lat' dir='ltr'><strong>interim</strong></span> <span class='ocrx_word' id='word_1_186' title='bbox 982 1862 1278 1917; x_wconf 84' lang='lat' dir='ltr'><strong>transegimus.</strong></span> <span class='ocrx_word' id='word_1_187' title='bbox 1309 1863 1511 1907; x_wconf 90' lang='lat' dir='ltr'><strong>Fonteius</strong></span> <span class='ocrx_word' id='word_1_188' title='bbox 1540 1864 1732 1918; x_wconf 87' lang='lat' dir='ltr'><strong>Agrippa</strong></span> <span class='ocrx_word' id='word_1_189' title='bbox 1761 1877 1812 1907; x_wconf 84' lang='lat' dir='ltr'><strong>ex</strong></span> <span class='ocrx_word' id='word_1_190' title='bbox 1832 1864 1936 1907; x_wconf 88' lang='lat' dir='ltr'><strong>Asia</strong></span> 
     </span>
     <span class='ocr_line' id='line_1_21' title="bbox 166 1937 1991 1998; baseline 0.003 -17"><span class='ocrx_word' id='word_1_191' title='bbox 166 1937 263 1993; x_wconf 90' lang='lat' dir='ltr'><strong>(pro</strong></span> <span class='ocrx_word' id='word_1_192' title='bbox 293 1940 461 1983; x_wconf 90' lang='lat' dir='ltr'><strong>consule</strong></span> <span class='ocrx_word' id='word_1_193' title='bbox 490 1953 584 1983; x_wconf 90' lang='lat' dir='ltr'><strong>eam</strong></span> <span class='ocrx_word' id='word_1_194' title='bbox 613 1942 874 1995; x_wconf 83' lang='lat' dir='ltr'><strong>provinciam</strong></span> <span class='ocrx_word' id='word_1_195' title='bbox 913 1954 1051 1984; x_wconf 92' lang='lat' dir='ltr'><strong>annuo</strong></span> <span class='ocrx_word' id='word_1_196' title='bbox 1088 1943 1267 1995; x_wconf 90' lang='lat' dir='ltr'><strong>imperio</strong></span> <span class='ocrx_word' id='word_1_197' title='bbox 1298 1943 1512 1998; x_wconf 89' lang='lat' dir='ltr'><strong>tenuerat)</strong></span> <span class='ocrx_word' id='word_1_198' title='bbox 1544 1943 1728 1987; x_wconf 85' lang='lat' dir='ltr'><strong>Moesiae</strong></span> <span class='ocrx_word' id='word_1_199' title='bbox 1756 1955 1934 1998; x_wconf 89' lang='lat' dir='ltr'><strong>praepo·</strong></span> <span class='ocrx_word' id='word_1_200' title='bbox 1948 1951 1991 1981; x_wconf 80' lang='lat'><strong>²0</strong></span> 
     </span>
     <span class='ocr_line' id='line_1_22' title="bbox 163 2014 1935 2078; baseline 0.002 -17"><span class='ocrx_word' id='word_1_201' title='bbox 163 2019 273 2062; x_wconf 86' lang='lat' dir='ltr'><strong>situs</strong></span> <span class='ocrx_word' id='word_1_202' title='bbox 300 2024 378 2073; x_wconf 85' lang='lat' dir='ltr'><strong>est,</strong></span> <span class='ocrx_word' id='word_1_203' title='bbox 409 2014 570 2064; x_wconf 86' lang='lat' dir='ltr'><strong>additis</strong></span> <span class='ocrx_word' id='word_1_204' title='bbox 598 2021 730 2075; x_wconf 86' lang='lat' dir='ltr'><strong>copiis·</strong></span> <span class='ocrx_word' id='word_1_205' title='bbox 758 2035 781 2064; x_wconf 91' lang='lat' dir='ltr'><strong>e</strong></span> <span class='ocrx_word' id='word_1_206' title='bbox 801 2021 1028 2066; x_wconf 85' lang='lat' dir='ltr'><strong>Vitelliano</strong></span> <span class='ocrx_word' id='word_1_207' title='bbox 1057 2023 1257 2076; x_wconf 75' lang='lat' dir='ltr'><strong>exercitu,</strong></span> <span class='ocrx_word' id='word_1_208' title='bbox 1286 2035 1409 2076; x_wconf 79' lang='lat' dir='ltr'><strong>quem</strong></span> <span class='ocrx_word' id='word_1_209' title='bbox 1439 2025 1585 2078; x_wconf 84' lang='lat' dir='ltr'><strong>spargi</strong></span> <span class='ocrx_word' id='word_1_210' title='bbox 1604 2036 1679 2078; x_wconf 91' lang='lat' dir='ltr'><strong>per</strong></span> <span class='ocrx_word' id='word_1_211' title='bbox 1698 2023 1935 2078; x_wconf 84' lang='lat' dir='ltr'><strong>provincias</strong></span> 
     </span>
    </p>
   </div>
   <div class='ocr_carea' id='block_1_3' title="bbox 160 2217 1933 2445">
    <p class='ocr_par' dir='ltr' id='par_1_3' title="bbox 160 2217 1933 2445">
     <span class='ocr_line' id='line_1_23' title="bbox 301 2217 1933 2261; baseline 0.002 -14"><span class='ocrx_word' id='word_1_212' title='bbox 301 2217 321 2247; x_wconf 76' lang='lat'>2</span> <span class='ocrx_word' id='word_1_213' title='bbox 344 2217 502 2256; x_wconf 68' lang='lat' dir='ltr'><strong>armigiri‘i</strong></span> <span class='ocrx_word' id='word_1_214' title='bbox 527 2217 584 2248; x_wconf 70' lang='lat' dir='ltr'><strong>sed</strong></span> <span class='ocrx_word' id='word_1_215' title='bbox 606 2227 687 2248; x_wconf 82' lang='lat' dir='ltr'><strong>corr.</strong></span> <span class='ocrx_word' id='word_1_216' title='bbox 716 2220 774 2248; x_wconf 80' lang='lat' dir='ltr'><strong>lm.</strong></span> <span class='ocrx_word' id='word_1_217' title='bbox 865 2217 1088 2260; x_wconf 55' lang='lat' dir='ltr'><strong>uelqloeatum</strong></span> <span class='ocrx_word' id='word_1_218' title='bbox 1111 2219 1204 2261; x_wconf 70' lang='lat' dir='ltr'><strong>(post</strong></span> <span class='ocrx_word' id='word_1_219' title='bbox 1226 2220 1278 2250; x_wconf 92' lang='lat' dir='ltr'><strong>uel</strong></span> <span class='ocrx_word' id='word_1_220' title='bbox 1301 2220 1348 2250; x_wconf 69' lang='lat' dir='ltr'><strong>lic.</strong></span> <span class='ocrx_word' id='word_1_221' title='bbox 1374 2220 1385 2249; x_wconf 89' lang='lat' dir='ltr'><strong>l</strong></span> <span class='ocrx_word' id='word_1_222' title='bbox 1409 2229 1519 2260; x_wconf 73' lang='lat' dir='ltr'><strong>mea,</strong></span> <span class='ocrx_word' id='word_1_223' title='bbox 1543 2220 1630 2250; x_wconf 86' lang='lat' dir='ltr'><strong>locat</strong></span> <span class='ocrx_word' id='word_1_224' title='bbox 1652 2220 1687 2249; x_wconf 67' lang='lat' dir='ltr'><strong>in</strong></span> <span class='ocrx_word' id='word_1_225' title='bbox 1710 2229 1830 2250; x_wconf 72' lang='lat' dir='ltr'><strong>rasura</strong></span> <span class='ocrx_word' id='word_1_226' title='bbox 1857 2219 1933 2260; x_wconf 81' lang='lat' dir='ltr'><strong>lm.)</strong></span> 
     </span>
     <span class='ocr_line' id='line_1_24' title="bbox 163 2260 1932 2303; baseline 0.001 -10"><span class='ocrx_word' id='word_1_227' title='bbox 163 2263 184 2293; x_wconf 73' lang='grc'>6</span> <span class='ocrx_word' id='word_1_228' title='bbox 204 2260 288 2303; x_wconf 72' lang='lat' dir='ltr'><strong>”pliis</strong></span> <span class='ocrx_word' id='word_1_229' title='bbox 381 2263 399 2293; x_wconf 81' lang='lat'><strong>‘1</strong></span> <span class='ocrx_word' id='word_1_230' title='bbox 425 2264 556 2295; x_wconf 83' lang='lat' dir='ltr'><strong>tandem</strong></span> <span class='ocrx_word' id='word_1_231' title='bbox 580 2263 621 2293; x_wconf 79' lang='lat' dir='ltr'><strong>L.</strong></span> <span class='ocrx_word' id='word_1_232' title='bbox 637 2263 772 2303; x_wconf 62' lang='lat' dir='ltr'><strong>Spengel</strong></span> <span class='ocrx_word' id='word_1_233' title='bbox 839 2267 943 2303; x_wconf 71' lang='lat' dir='ltr'><strong>regnu</strong></span> <span class='ocrx_word' id='word_1_234' title='bbox 966 2265 1000 2294; x_wconf 69' lang='lat' dir='ltr'><strong>in</strong></span> <span class='ocrx_word' id='word_1_235' title='bbox 1023 2274 1143 2295; x_wconf 71' lang='lat' dir='ltr'><strong>mem-a</strong></span> <span class='ocrx_word' id='word_1_236' title='bbox 1163 2268 1221 2295; x_wconf 72' lang='lat' dir='ltr'><strong>lm.</strong></span> <span class='ocrx_word' id='word_1_237' title='bbox 1315 2267 1335 2296; x_wconf 88' lang='grc'>8</span> <span class='ocrx_word' id='word_1_238' title='bbox 1360 2264 1490 2296; x_wconf 78' lang='lat' dir='ltr'><strong>toi-bata</strong></span> <span class='ocrx_word' id='word_1_239' title='bbox 1513 2265 1572 2295; x_wconf 66' lang='lat' dir='ltr'><strong>sed</strong></span> <span class='ocrx_word' id='word_1_240' title='bbox 1593 2275 1667 2296; x_wconf 70' lang='lat' dir='ltr'><strong>eon·</strong></span> <span class='ocrx_word' id='word_1_241' title='bbox 1685 2268 1745 2296; x_wconf 81' lang='lat' dir='ltr'><strong>lm.</strong></span> <span class='ocrx_word' id='word_1_242' title='bbox 1839 2266 1859 2295; x_wconf 75' lang='lat'>9</span> <span class='ocrx_word' id='word_1_243' title='bbox 1881 2275 1932 2295; x_wconf 89' lang='lat' dir='ltr'><strong>ro-</strong></span> 
     </span>
     <span class='ocr_line' id='line_1_25' title="bbox 161 2307 1931 2354; baseline 0.002 -15"><span class='ocrx_word' id='word_1_244' title='bbox 161 2316 276 2339; x_wconf 82' lang='lat' dir='ltr'><strong>manas</strong></span> <span class='ocrx_word' id='word_1_245' title='bbox 299 2308 329 2350; x_wconf 86' lang='lat' dir='ltr'><strong>(s</strong></span> <span class='ocrx_word' id='word_1_246' title='bbox 350 2307 410 2339; x_wconf 76' lang='lat' dir='ltr'><strong>del.</strong></span> <span class='ocrx_word' id='word_1_247' title='bbox 436 2307 513 2349; x_wconf 85' lang='lat' dir='ltr'><strong>lm.)</strong></span> <span class='ocrx_word' id='word_1_248' title='bbox 582 2309 624 2340; x_wconf 76' lang='lat'><strong>13</strong></span> <span class='ocrx_word' id='word_1_249' title='bbox 648 2309 783 2340; x_wconf 69' lang='lat' dir='ltr'><strong>hostilia</strong></span> <span class='ocrx_word' id='word_1_250' title='bbox 854 2311 895 2341; x_wconf 84' lang='grc'>16</span> <span class='ocrx_word' id='word_1_251' title='bbox 920 2310 1152 2351; x_wconf 73' lang='lat' dir='ltr'><strong>cremolnensis</strong></span> <span class='ocrx_word' id='word_1_252' title='bbox 1176 2311 1299 2352; x_wconf 82' lang='lat' dir='ltr'><strong>(cremo</strong></span> <span class='ocrx_word' id='word_1_253' title='bbox 1314 2311 1349 2342; x_wconf 76' lang='lat' dir='ltr'><strong>in</strong></span> <span class='ocrx_word' id='word_1_254' title='bbox 1365 2320 1487 2342; x_wconf 69' lang='lat' dir='ltr'><strong>rasura</strong></span> <span class='ocrx_word' id='word_1_255' title='bbox 1514 2309 1592 2352; x_wconf 68' lang='lat' dir='ltr'><strong>ln.)</strong></span> <span class='ocrx_word' id='word_1_256' title='bbox 1663 2310 1764 2354; x_wconf 74' lang='grc'>17118</span> <span class='ocrx_word' id='word_1_257' title='bbox 1788 2311 1931 2351; x_wconf 74' lang='lat' dir='ltr'><strong>sepelias</strong></span> 
     </span>
     <span class='ocr_line' id='line_1_26' title="bbox 160 2353 1929 2398; baseline 0.001 -13"><span class='ocrx_word' id='word_1_258' title='bbox 160 2353 196 2385; x_wconf 61' lang='lat' dir='ltr'><strong>(a</strong></span> <span class='ocrx_word' id='word_1_259' title='bbox 217 2362 296 2394; x_wconf 67' lang='lat' dir='ltr'><strong>nepe</strong></span> <span class='ocrx_word' id='word_1_260' title='bbox 318 2354 402 2385; x_wconf 82' lang='lat' dir='ltr'><strong>alias</strong></span> <span class='ocrx_word' id='word_1_261' title='bbox 426 2365 509 2386; x_wconf 76' lang='lat' dir='ltr'><strong>corr.</strong></span> <span class='ocrx_word' id='word_1_262' title='bbox 536 2357 598 2386; x_wconf 65' lang='grc' dir='ltr'><strong>2η.</strong></span> <span class='ocrx_word' id='word_1_263' title='bbox 696 2357 737 2387; x_wconf 87' lang='grc'>18</span> <span class='ocrx_word' id='word_1_264' title='bbox 762 2356 959 2386; x_wconf 72' lang='lat' dir='ltr'><strong>mucianunfi</strong></span> <span class='ocrx_word' id='word_1_265' title='bbox 993 2354 1193 2398; x_wconf 74' lang='lat' dir='ltr'><strong>(Mucianum</strong></span> <span class='ocrx_word' id='word_1_266' title='bbox 1217 2362 1287 2387; x_wconf 86' lang='lat' dir='ltr'><strong>tum</strong></span> <span class='ocrx_word' id='word_1_267' title='bbox 1323 2357 1434 2395; x_wconf 58' lang='lat' dir='ltr'><strong>Rider)</strong></span> <span class='ocrx_word' id='word_1_268' title='bbox 1528 2359 1569 2389; x_wconf 74' lang='lat'><strong>19</strong></span> <span class='ocrx_word' id='word_1_269' title='bbox 1596 2357 1756 2396; x_wconf 76' lang='lat' dir='ltr'><strong>transegit</strong></span> <span class='ocrx_word' id='word_1_270' title='bbox 1779 2358 1807 2395; x_wconf 88' lang='lat' dir='ltr'><strong>(t</strong></span> <span class='ocrx_word' id='word_1_271' title='bbox 1829 2357 1863 2387; x_wconf 67' lang='lat' dir='ltr'><strong>in</strong></span> <span class='ocrx_word' id='word_1_272' title='bbox 1886 2367 1929 2396; x_wconf 66' lang='grc' dir='ltr'><strong>ως</strong></span> 
     </span>
     <span class='ocr_line' id='line_1_27' title="bbox 160 2397 1452 2445; baseline 0.002 -14"><span class='ocrx_word' id='word_1_273' title='bbox 160 2408 244 2431; x_wconf 76' lang='lat' dir='ltr'><strong>eor-r.</strong></span> <span class='ocrx_word' id='word_1_274' title='bbox 273 2397 347 2442; x_wconf 71' lang='lat' dir='ltr'><strong>ln.)</strong></span> <span class='ocrx_word' id='word_1_275' title='bbox 442 2402 484 2432; x_wconf 75' lang='lat'><strong>20</strong></span> <span class='ocrx_word' id='word_1_276' title='bbox 509 2398 653 2445; x_wconf 66' lang='lat' dir='ltr'><strong>conlsule</strong></span> <span class='ocrx_word' id='word_1_277' title='bbox 676 2402 762 2441; x_wconf 86' lang='lat' dir='ltr'><strong>(sule</strong></span> <span class='ocrx_word' id='word_1_278' title='bbox 786 2402 820 2431; x_wconf 72' lang='lat' dir='ltr'><strong>in</strong></span> <span class='ocrx_word' id='word_1_279' title='bbox 843 2411 964 2432; x_wconf 73' lang='lat' dir='ltr'><strong>mem-a</strong></span> <span class='ocrx_word' id='word_1_280' title='bbox 987 2401 1064 2442; x_wconf 69' lang='lat' dir='ltr'><strong>lia.)</strong></span> <span class='ocrx_word' id='word_1_281' title='bbox 1155 2403 1196 2432; x_wconf 78' lang='lat'><strong>21</strong></span> <span class='ocrx_word' id='word_1_282' title='bbox 1224 2403 1314 2443; x_wconf 84' lang='lat' dir='ltr'><strong>copis</strong></span> <span class='ocrx_word' id='word_1_283' title='bbox 1384 2403 1452 2442; x_wconf 54' lang='lat' dir='ltr'><strong>qu?</strong></span> 
     </span>
    </p>
   </div>
   <div class='ocr_carea' id='block_1_4' title="bbox 155 2577 1932 3537">
    <p class='ocr_par' dir='ltr' id='par_1_4' title="bbox 155 2577 1932 3422">
     <span class='ocr_line' id='line_1_28' title="bbox 158 2577 1930 2627; baseline 0.001 -12"><span class='ocrx_word' id='word_1_284' title='bbox 158 2586 265 2615; x_wconf 75' lang='lat' dir='ltr'><strong>statur</strong></span> <span class='ocrx_word' id='word_1_285' title='bbox 291 2583 465 2616; x_wconf 77' lang='lat' dir='ltr'><strong>Suetonius</strong></span> <span class='ocrx_word' id='word_1_286' title='bbox 492 2584 605 2616; x_wconf 82' lang='lat' dir='ltr'><strong>Claud.</strong></span> <span class='ocrx_word' id='word_1_287' title='bbox 627 2587 680 2616; x_wconf 84' lang='grc'>17.</span> <span class='ocrx_word' id='word_1_288' title='bbox 707 2584 765 2615; x_wconf 84' lang='lat' dir='ltr'><strong>sed</strong></span> <span class='ocrx_word' id='word_1_289' title='bbox 791 2584 819 2615; x_wconf 88' lang='lat' dir='ltr'><strong>is</strong></span> <span class='ocrx_word' id='word_1_290' title='bbox 846 2585 1028 2625; x_wconf 83' lang='lat' dir='ltr'><strong>triumphus</strong></span> <span class='ocrx_word' id='word_1_291' title='bbox 1043 2577 1046 2602; x_wconf 81' lang='lat'>¹</span> <span class='ocrx_word' id='word_1_292' title='bbox 1060 2581 1224 2627; x_wconf 63' lang='lat' dir='ltr'><strong>leq-abuerit]</strong></span> <span class='ocrx_word' id='word_1_293' title='bbox 1253 2583 1442 2623; x_wconf 64' lang='lat' dir='ltr'><strong>Fax-ratam,</strong></span> <span class='ocrx_word' id='word_1_294' title='bbox 1478 2584 1582 2624; x_wconf 88' lang='lat' dir='ltr'><strong>probe</strong></span> <span class='ocrx_word' id='word_1_295' title='bbox 1618 2585 1887 2625; x_wconf 73' lang='lat' dir='ltr'><strong>distinguendam</strong></span> <span class='ocrx_word' id='word_1_296' title='bbox 1909 2597 1930 2617; x_wconf 89' lang='lat' dir='ltr'><strong>a</strong></span> 
     </span>
     <span class='ocr_line' id='line_1_29' title="bbox 158 2639 1926 2681; baseline 0.002 -10"><span class='ocrx_word' id='word_1_297' title='bbox 158 2639 278 2672; x_wconf 76' lang='lat' dir='ltr'><strong>duetus</strong></span> <span class='ocrx_word' id='word_1_298' title='bbox 301 2643 353 2672; x_wconf 81' lang='lat' dir='ltr'><strong>eet</strong></span> <span class='ocrx_word' id='word_1_299' title='bbox 375 2641 411 2674; x_wconf 90' lang='lat' dir='ltr'><strong>C.</strong></span> <span class='ocrx_word' id='word_1_300' title='bbox 428 2640 545 2681; x_wconf 78' lang='lat' dir='ltr'><strong>Crispo</strong></span> <span class='ocrx_word' id='word_1_301' title='bbox 569 2645 604 2672; x_wconf 86' lang='lat' dir='ltr'><strong>et</strong></span> <span class='ocrx_word' id='word_1_302' title='bbox 627 2641 662 2671; x_wconf 87' lang='grc' dir='ltr'><strong>Τ.</strong></span> <span class='ocrx_word' id='word_1_303' title='bbox 681 2641 812 2673; x_wconf 78' lang='lat' dir='ltr'><strong>Statilio</strong></span> <span class='ocrx_word' id='word_1_304' title='bbox 837 2650 919 2672; x_wconf 83' lang='lat' dir='ltr'><strong>coss.</strong></span> <span class='ocrx_word' id='word_1_305' title='bbox 945 2651 974 2672; x_wconf 90' lang='lat' dir='ltr'><strong>a.</strong></span> <span class='ocrx_word' id='word_1_306' title='bbox 992 2652 1024 2672; x_wconf 87' lang='lat' dir='ltr'><strong>n.</strong></span> <span class='ocrx_word' id='word_1_307' title='bbox 1060 2645 1153 2672; x_wconf 78' lang='lat' dir='ltr'><strong>sexta</strong></span> <span class='ocrx_word' id='word_1_308' title='bbox 1177 2641 1330 2678; x_wconf 82' lang='lat' dir='ltr'><strong>Victrice,</strong></span> <span class='ocrx_word' id='word_1_309' title='bbox 1368 2651 1451 2679; x_wconf 89' lang='lat' dir='ltr'><strong>quae</strong></span> <span class='ocrx_word' id='word_1_310' title='bbox 1486 2645 1565 2672; x_wconf 86' lang='lat' dir='ltr'><strong>tunc</strong></span> <span class='ocrx_word' id='word_1_311' title='bbox 1599 2642 1632 2672; x_wconf 91' lang='lat' dir='ltr'><strong>in</strong></span> <span class='ocrx_word' id='word_1_312' title='bbox 1656 2641 1821 2681; x_wconf 77' lang='lat' dir='ltr'><strong>Hispania</strong></span> <span class='ocrx_word' id='word_1_313' title='bbox 1845 2647 1926 2674; x_wconf 87' lang='lat' dir='ltr'><strong>erat.</strong></span> 
     </span>
     <span class='ocr_line' id='line_1_30' title="bbox 159 2696 1932 2740; baseline 0.001 -11"><span class='ocrx_word' id='word_1_314' title='bbox 159 2698 237 2729; x_wconf 74' lang='lat'><strong>⁰197.</strong></span> <span class='ocrx_word' id='word_1_315' title='bbox 261 2697 303 2728; x_wconf 76' lang='lat' dir='ltr'><strong>ef.</strong></span> <span class='ocrx_word' id='word_1_316' title='bbox 321 2696 389 2728; x_wconf 78' lang='lat' dir='ltr'><strong>Dio</strong></span> <span class='ocrx_word' id='word_1_317' title='bbox 415 2698 469 2736; x_wconf 82' lang='grc'><strong>60,</strong></span> <span class='ocrx_word' id='word_1_318' title='bbox 488 2699 541 2730; x_wconf 77' lang='lat'><strong>23.</strong></span> <span class='ocrx_word' id='word_1_319' title='bbox 566 2697 746 2729; x_wconf 73' lang='lat' dir='ltr'><strong>Caratacus</strong></span> <span class='ocrx_word' id='word_1_320' title='bbox 770 2702 879 2729; x_wconf 85' lang='lat' dir='ltr'><strong>autem</strong></span> <span class='ocrx_word' id='word_1_321' title='bbox 898 2699 1026 2737; x_wconf 84' lang='lat' dir='ltr'><strong>aliquot</strong></span> <span class='ocrx_word' id='word_1_322' title='bbox 1041 2714 1043 2740; x_wconf 74' lang='lat' dir='ltr'><strong>i</strong></span> <span class='ocrx_word' id='word_1_323' title='bbox 1061 2708 1087 2729; x_wconf 87' lang='lat' dir='ltr'><strong>c.</strong></span> <span class='ocrx_word' id='word_1_324' title='bbox 1114 2701 1168 2730; x_wconf 75' lang='lat'><strong>44.</strong></span> <span class='ocrx_word' id='word_1_325' title='bbox 1195 2698 1235 2730; x_wconf 88' lang='lat' dir='ltr'><strong>de</strong></span> <span class='ocrx_word' id='word_1_326' title='bbox 1253 2698 1388 2730; x_wconf 78' lang='lat' dir='ltr'><strong>Ferrata</strong></span> <span class='ocrx_word' id='word_1_327' title='bbox 1412 2698 1452 2729; x_wconf 78' lang='lat' dir='ltr'><strong>cf.</strong></span> <span class='ocrx_word' id='word_1_328' title='bbox 1471 2701 1502 2737; x_wconf 77' lang='lat'><strong>8,</strong></span> <span class='ocrx_word' id='word_1_329' title='bbox 1527 2699 1581 2728; x_wconf 83' lang='lat'><strong>83.</strong></span> <span class='ocrx_word' id='word_1_330' title='bbox 1607 2716 1648 2722; x_wconf 90' lang='lat'>—</span> <span class='ocrx_word' id='word_1_331' title='bbox 1663 2699 1803 2738; x_wconf 70' lang='lat' dir='ltr'><strong>sor-trena</strong></span> <span class='ocrx_word' id='word_1_332' title='bbox 1813 2700 1932 2739; x_wconf 70' lang='lat' dir='ltr'><strong>populu·</strong></span> 
     </span>
     <span class='ocr_line' id='line_1_31' title="bbox 156 2754 1928 2796; baseline 0.002 -11"><span class='ocrx_word' id='word_1_333' title='bbox 156 2754 253 2785; x_wconf 73' lang='lat' dir='ltr'><strong>annis</strong></span> <span class='ocrx_word' id='word_1_334' title='bbox 275 2758 351 2794; x_wconf 84' lang='lat' dir='ltr'><strong>post</strong></span> <span class='ocrx_word' id='word_1_335' title='bbox 374 2755 469 2786; x_wconf 85' lang='lat' dir='ltr'><strong>illum</strong></span> <span class='ocrx_word' id='word_1_336' title='bbox 493 2755 696 2795; x_wconf 83' lang='lat' dir='ltr'><strong>triumphum</strong></span> <span class='ocrx_word' id='word_1_337' title='bbox 721 2758 836 2793; x_wconf 74' lang='lat' dir='ltr'><strong>eaptus</strong></span> <span class='ocrx_word' id='word_1_338' title='bbox 860 2758 910 2785; x_wconf 78' lang='lat' dir='ltr'><strong>est</strong></span> <span class='ocrx_word' id='word_1_339' title='bbox 933 2754 976 2796; x_wconf 84' lang='lat' dir='ltr'><strong>(a.</strong></span> <span class='ocrx_word' id='word_1_340' title='bbox 991 2765 1023 2787; x_wconf 88' lang='lat' dir='ltr'><strong>u.</strong></span> <span class='ocrx_word' id='word_1_341' title='bbox 1039 2777 1042 2795; x_wconf 78' lang='grc'>,</span> <span class='ocrx_word' id='word_1_342' title='bbox 1060 2754 1207 2796; x_wconf 79' lang='lat' dir='ltr'><strong>Romam]</strong></span> <span class='ocrx_word' id='word_1_343' title='bbox 1226 2754 1300 2786; x_wconf 85' lang='lat' dir='ltr'><strong>Liv.</strong></span> <span class='ocrx_word' id='word_1_344' title='bbox 1319 2757 1349 2792; x_wconf 82' lang='lat'><strong>2,</strong></span> <span class='ocrx_word' id='word_1_345' title='bbox 1375 2755 1429 2792; x_wconf 78' lang='lat'><strong>40,</strong></span> <span class='ocrx_word' id='word_1_346' title='bbox 1457 2755 1498 2786; x_wconf 84' lang='grc'>13</span> <span class='ocrx_word' id='word_1_347' title='bbox 1522 2754 1571 2785; x_wconf 76' lang='lat' dir='ltr'><strong>ibi</strong></span> <span class='ocrx_word' id='word_1_348' title='bbox 1580 2755 1721 2793; x_wconf 68' lang='lat' dir='ltr'><strong>sor-tima</strong></span> <span class='ocrx_word' id='word_1_349' title='bbox 1739 2756 1855 2796; x_wconf 65' lang='lat' dir='ltr'><strong>populu·</strong></span> <span class='ocrx_word' id='word_1_350' title='bbox 1867 2756 1928 2788; x_wconf 83' lang='lat' dir='ltr'><strong>Ro-</strong></span> 
     </span>
     <span class='ocr_line' id='line_1_32' title="bbox 157 2799 1928 2853; baseline 0.002 -11"><span class='ocrx_word' id='word_1_351' title='bbox 157 2810 248 2851; x_wconf 71' lang='grc'><strong>808).</strong></span> <span class='ocrx_word' id='word_1_352' title='bbox 266 2812 309 2842; x_wconf 77' lang='lat' dir='ltr'><strong>ef.</strong></span> <span class='ocrx_word' id='word_1_353' title='bbox 322 2812 409 2843; x_wconf 77' lang='lat' dir='ltr'><strong>Ami.</strong></span> <span class='ocrx_word' id='word_1_354' title='bbox 430 2813 485 2850; x_wconf 77' lang='lat'><strong>12,</strong></span> <span class='ocrx_word' id='word_1_355' title='bbox 498 2813 553 2843; x_wconf 76' lang='lat'><strong>36.</strong></span> <span class='ocrx_word' id='word_1_356' title='bbox 589 2812 756 2850; x_wconf 86' lang='lat' dir='ltr'><strong>quaeritur</strong></span> <span class='ocrx_word' id='word_1_357' title='bbox 771 2821 861 2851; x_wconf 80' lang='lat' dir='ltr'><strong>ergo,</strong></span> <span class='ocrx_word' id='word_1_358' title='bbox 874 2811 1023 2843; x_wconf 78' lang='lat' dir='ltr'><strong>Tacitum</strong></span> <span class='ocrx_word' id='word_1_359' title='bbox 1039 2799 1042 2841; x_wconf 48' lang='grc' dir='ltr'><em>ζ</em></span> <span class='ocrx_word' id='word_1_360' title='bbox 1058 2812 1150 2842; x_wconf 76' lang='lat' dir='ltr'><strong>mani</strong></span> <span class='ocrx_word' id='word_1_361' title='bbox 1178 2811 1256 2842; x_wconf 70' lang='lat' dir='ltr'><strong>duos</strong></span> <span class='ocrx_word' id='word_1_362' title='bbox 1292 2812 1427 2843; x_wconf 69' lang='lat' dir='ltr'><strong>hostium</strong></span> <span class='ocrx_word' id='word_1_363' title='bbox 1458 2811 1611 2842; x_wconf 60' lang='lat' dir='ltr'><strong>exeram</strong></span> <span class='ocrx_word' id='word_1_364' title='bbox 1646 2831 1687 2835; x_wconf 75' lang='lat'><strong>——</strong></span> <span class='ocrx_word' id='word_1_365' title='bbox 1714 2812 1860 2853; x_wconf 73' lang='lat' dir='ltr'><strong>confecit.</strong></span> <span class='ocrx_word' id='word_1_366' title='bbox 1884 2830 1928 2837; x_wconf 90' lang='lat'>-</span> 
     </span>
     <span class='ocr_line' id='line_1_33' title="bbox 156 2847 1927 2910; baseline 0.001 -11"><span class='ocrx_word' id='word_1_367' title='bbox 156 2868 317 2899; x_wconf 79' lang='lat' dir='ltr'><strong>memoria</strong></span> <span class='ocrx_word' id='word_1_368' title='bbox 340 2869 506 2907; x_wconf 77' lang='lat' dir='ltr'><strong>fefellerit,</strong></span> <span class='ocrx_word' id='word_1_369' title='bbox 541 2878 583 2900; x_wconf 90' lang='lat' dir='ltr'><strong>an</strong></span> <span class='ocrx_word' id='word_1_370' title='bbox 616 2868 819 2908; x_wconf 85' lang='lat' dir='ltr'><strong>triumphum</strong></span> <span class='ocrx_word' id='word_1_371' title='bbox 854 2869 916 2899; x_wconf 82' lang='lat' dir='ltr'><strong>hoc</strong></span> <span class='ocrx_word' id='word_1_372' title='bbox 948 2869 1022 2899; x_wconf 92' lang='lat' dir='ltr'><strong>loco</strong></span> <span class='ocrx_word' id='word_1_373' title='bbox 1038 2847 1042 2898; x_wconf 68' lang='grc' dir='ltr'>Ι</span> <span class='ocrx_word' id='word_1_374' title='bbox 1058 2869 1278 2909; x_wconf 58' lang='lat' dir='ltr'><strong>muamus]</strong></span> <span class='ocrx_word' id='word_1_375' title='bbox 1312 2877 1381 2900; x_wconf 85' lang='lat' dir='ltr'><strong>rem</strong></span> <span class='ocrx_word' id='word_1_376' title='bbox 1417 2868 1626 2899; x_wconf 81' lang='lat' dir='ltr'><strong>confecimus.</strong></span> <span class='ocrx_word' id='word_1_377' title='bbox 1671 2869 1711 2900; x_wconf 87' lang='lat' dir='ltr'><strong>cf.</strong></span> <span class='ocrx_word' id='word_1_378' title='bbox 1743 2869 1927 2910; x_wconf 72' lang='lat' dir='ltr'><strong>Nipperdey</strong></span> 
     </span>
     <span class='ocr_line' id='line_1_34' title="bbox 157 2923 1927 2966; baseline 0.001 -10"><span class='ocrx_word' id='word_1_379' title='bbox 157 2923 247 2956; x_wconf 78' lang='lat' dir='ltr'><strong>dicat</strong></span> <span class='ocrx_word' id='word_1_380' title='bbox 269 2925 386 2956; x_wconf 83' lang='lat' dir='ltr'><strong>latiore</strong></span> <span class='ocrx_word' id='word_1_381' title='bbox 409 2926 651 2965; x_wconf 78' lang='lat' dir='ltr'><strong>significatione</strong></span> <span class='ocrx_word' id='word_1_382' title='bbox 691 2930 724 2957; x_wconf 86' lang='lat' dir='ltr'><strong>et</strong></span> <span class='ocrx_word' id='word_1_383' title='bbox 759 2926 890 2957; x_wconf 84' lang='lat' dir='ltr'><strong>decoris</strong></span> <span class='ocrx_word' id='word_1_384' title='bbox 912 2935 1020 2957; x_wconf 84' lang='lat' dir='ltr'><strong>causa.</strong></span> <span class='ocrx_word' id='word_1_385' title='bbox 1057 2925 1098 2956; x_wconf 78' lang='lat' dir='ltr'><strong>ad</strong></span> <span class='ocrx_word' id='word_1_386' title='bbox 1122 2927 1211 2956; x_wconf 77' lang='lat' dir='ltr'><strong>Anu.</strong></span> <span class='ocrx_word' id='word_1_387' title='bbox 1237 2927 1292 2965; x_wconf 75' lang='lat'><strong>12,</strong></span> <span class='ocrx_word' id='word_1_388' title='bbox 1321 2927 1363 2956; x_wconf 80' lang='grc'>19</span> <span class='ocrx_word' id='word_1_389' title='bbox 1390 2926 1530 2964; x_wconf 62' lang='lat' dir='ltr'><strong>quodem</strong></span> <span class='ocrx_word' id='word_1_390' title='bbox 1555 2926 1743 2963; x_wconf 60' lang='lat' dir='ltr'><strong>mouendo</strong></span> <span class='ocrx_word' id='word_1_391' title='bbox 1766 2927 1927 2966; x_wconf 64' lang='lat' dir='ltr'><strong>musiqu-</strong></span> 
     </span>
     <span class='ocr_line' id='line_1_35' title="bbox 156 2981 1927 3023; baseline 0.002 -11"><span class='ocrx_word' id='word_1_392' title='bbox 156 2981 295 3022; x_wconf 58' lang='lat' dir='ltr'><strong>zum.</strong></span> <span class='ocrx_word' id='word_1_393' title='bbox 318 2982 361 3013; x_wconf 79' lang='lat' dir='ltr'><strong>ad</strong></span> <span class='ocrx_word' id='word_1_394' title='bbox 376 2983 464 3015; x_wconf 75' lang='lat' dir='ltr'><strong>Anu.</strong></span> <span class='ocrx_word' id='word_1_395' title='bbox 483 2983 506 3013; x_wconf 90' lang='lat'><strong>1.</strong></span> <span class='ocrx_word' id='word_1_396' title='bbox 522 2983 545 3014; x_wconf 91' lang='lat' dir='ltr'><strong>l.</strong></span> <span class='ocrx_word' id='word_1_397' title='bbox 580 2986 614 3014; x_wconf 86' lang='lat' dir='ltr'><strong>at</strong></span> <span class='ocrx_word' id='word_1_398' title='bbox 637 2983 665 3014; x_wconf 82' lang='lat' dir='ltr'><strong>si</strong></span> <span class='ocrx_word' id='word_1_399' title='bbox 690 2983 771 3023; x_wconf 87' lang='lat' dir='ltr'><strong>quid</strong></span> <span class='ocrx_word' id='word_1_400' title='bbox 795 2987 884 3014; x_wconf 86' lang='lat' dir='ltr'><strong>recte</strong></span> <span class='ocrx_word' id='word_1_401' title='bbox 911 2982 1021 3020; x_wconf 84' lang='lat' dir='ltr'><strong>video,</strong></span> <span class='ocrx_word' id='word_1_402' title='bbox 1057 2987 1118 3013; x_wconf 73' lang='lat' dir='ltr'><strong>tur.</strong></span> <span class='ocrx_word' id='word_1_403' title='bbox 1166 2986 1263 3021; x_wconf 83' lang='lat' dir='ltr'><strong>atque</strong></span> <span class='ocrx_word' id='word_1_404' title='bbox 1298 2982 1358 3013; x_wconf 84' lang='lat' dir='ltr'><strong>etsi</strong></span> <span class='ocrx_word' id='word_1_405' title='bbox 1400 2982 1526 3013; x_wconf 86' lang='lat' dir='ltr'><strong>bellum</strong></span> <span class='ocrx_word' id='word_1_406' title='bbox 1570 2983 1678 3023; x_wconf 83' lang='lat' dir='ltr'><strong>ipsum</strong></span> <span class='ocrx_word' id='word_1_407' title='bbox 1712 2982 1927 3015; x_wconf 70' lang='lat' dir='ltr'><strong>Cremonensi</strong></span> 
     </span>
     <span class='ocr_line' id='line_1_36' title="bbox 157 3037 1924 3080; baseline 0.001 -11"><span class='ocrx_word' id='word_1_408' title='bbox 157 3037 393 3070; x_wconf 76' lang='lat' dir='ltr'><strong>Cartimandua</strong></span> <span class='ocrx_word' id='word_1_409' title='bbox 425 3049 464 3071; x_wconf 90' lang='lat' dir='ltr'><strong>eo</strong></span> <span class='ocrx_word' id='word_1_410' title='bbox 490 3050 588 3072; x_wconf 78' lang='lat' dir='ltr'><strong>sensu</strong></span> <span class='ocrx_word' id='word_1_411' title='bbox 611 3040 788 3072; x_wconf 84' lang='lat' dir='ltr'><strong>videbatur</strong></span> <span class='ocrx_word' id='word_1_412' title='bbox 820 3040 1020 3080; x_wconf 83' lang='lat' dir='ltr'><strong>triumphum</strong></span> <span class='ocrx_word' id='word_1_413' title='bbox 1056 3048 1168 3079; x_wconf 71' lang='lat' dir='ltr'><strong>pugna</strong></span> <span class='ocrx_word' id='word_1_414' title='bbox 1192 3039 1279 3070; x_wconf 83' lang='lat' dir='ltr'><strong>baud</strong></span> <span class='ocrx_word' id='word_1_415' title='bbox 1303 3039 1438 3070; x_wconf 83' lang='lat' dir='ltr'><strong>omnino</strong></span> <span class='ocrx_word' id='word_1_416' title='bbox 1456 3042 1525 3070; x_wconf 87' lang='lat' dir='ltr'><strong>erat</strong></span> <span class='ocrx_word' id='word_1_417' title='bbox 1540 3040 1735 3078; x_wconf 81' lang='lat' dir='ltr'><strong>confectum,</strong></span> <span class='ocrx_word' id='word_1_418' title='bbox 1760 3049 1799 3071; x_wconf 88' lang='lat' dir='ltr'><strong>ea</strong></span> <span class='ocrx_word' id='word_1_419' title='bbox 1815 3044 1924 3071; x_wconf 81' lang='lat' dir='ltr'><strong>tamen</strong></span> 
     </span>
     <span class='ocr_line' id='line_1_37' title="bbox 157 3091 1924 3137; baseline 0.002 -13"><span class='ocrx_word' id='word_1_420' title='bbox 157 3091 288 3125; x_wconf 79' lang='lat' dir='ltr'><strong>Claudii</strong></span> <span class='ocrx_word' id='word_1_421' title='bbox 304 3094 511 3136; x_wconf 72' lang='lat' dir='ltr'><strong>instruxisse,</strong></span> <span class='ocrx_word' id='word_1_422' title='bbox 534 3100 572 3127; x_wconf 86' lang='lat' dir='ltr'><strong>ut</strong></span> <span class='ocrx_word' id='word_1_423' title='bbox 585 3098 725 3137; x_wconf 71' lang='lat' dir='ltr'><strong>gloriam</strong></span> <span class='ocrx_word' id='word_1_424' title='bbox 743 3101 776 3128; x_wconf 86' lang='lat' dir='ltr'><strong>et</strong></span> <span class='ocrx_word' id='word_1_425' title='bbox 793 3098 891 3128; x_wconf 80' lang='lat' dir='ltr'><strong>decus</strong></span> <span class='ocrx_word' id='word_1_426' title='bbox 909 3098 1020 3128; x_wconf 85' lang='lat' dir='ltr'><strong>trium-</strong></span> <span class='ocrx_word' id='word_1_427' title='bbox 1056 3096 1097 3127; x_wconf 88' lang='lat' dir='ltr'><strong>de</strong></span> <span class='ocrx_word' id='word_1_428' title='bbox 1119 3097 1210 3127; x_wconf 86' lang='lat' dir='ltr'><strong>exitu</strong></span> <span class='ocrx_word' id='word_1_429' title='bbox 1234 3095 1385 3126; x_wconf 87' lang='lat' dir='ltr'><strong>dubitare</strong></span> <span class='ocrx_word' id='word_1_430' title='bbox 1421 3105 1486 3126; x_wconf 89' lang='lat' dir='ltr'><strong>nou</strong></span> <span class='ocrx_word' id='word_1_431' title='bbox 1523 3096 1587 3127; x_wconf 87' lang='lat' dir='ltr'><strong>iam</strong></span> <span class='ocrx_word' id='word_1_432' title='bbox 1619 3096 1760 3128; x_wconf 85' lang='lat' dir='ltr'><strong>sinebat.</strong></span> <span class='ocrx_word' id='word_1_433' title='bbox 1781 3114 1823 3120; x_wconf 91' lang='lat'><strong>—</strong></span> <span class='ocrx_word' id='word_1_434' title='bbox 1840 3097 1924 3128; x_wconf 77' lang='lat' dir='ltr'><strong>Fon-</strong></span> 
     </span>
     <span class='ocr_line' id='line_1_38' title="bbox 155 3150 1923 3194; baseline 0.002 -13"><span class='ocrx_word' id='word_1_435' title='bbox 155 3150 214 3190; x_wconf 82' lang='lat' dir='ltr'><strong>phi</strong></span> <span class='ocrx_word' id='word_1_436' title='bbox 237 3151 365 3190; x_wconf 82' lang='lat' dir='ltr'><strong>pridem</strong></span> <span class='ocrx_word' id='word_1_437' title='bbox 387 3153 452 3184; x_wconf 78' lang='lat' dir='ltr'><strong>acti</strong></span> <span class='ocrx_word' id='word_1_438' title='bbox 475 3154 596 3184; x_wconf 83' lang='lat' dir='ltr'><strong>tradito</strong></span> <span class='ocrx_word' id='word_1_439' title='bbox 620 3153 779 3185; x_wconf 84' lang='lat' dir='ltr'><strong>Carataco</strong></span> <span class='ocrx_word' id='word_1_440' title='bbox 814 3157 950 3193; x_wconf 82' lang='lat' dir='ltr'><strong>augeret</strong></span> <span class='ocrx_word' id='word_1_441' title='bbox 974 3155 1020 3185; x_wconf 82' lang='lat' dir='ltr'><strong>al-</strong></span> <span class='ocrx_word' id='word_1_442' title='bbox 1055 3153 1137 3184; x_wconf 68' lang='lat' dir='ltr'><strong>teian</strong></span> <span class='ocrx_word' id='word_1_443' title='bbox 1150 3152 1312 3192; x_wconf 61' lang='lat' dir='ltr'><strong>Apu-imm]</strong></span> <span class='ocrx_word' id='word_1_444' title='bbox 1330 3156 1405 3191; x_wconf 75' lang='lat' dir='ltr'><strong>post</strong></span> <span class='ocrx_word' id='word_1_445' title='bbox 1427 3161 1448 3183; x_wconf 89' lang='lat' dir='ltr'><strong>a</strong></span> <span class='ocrx_word' id='word_1_446' title='bbox 1464 3151 1623 3184; x_wconf 79' lang='lat' dir='ltr'><strong>Sarmatis</strong></span> <span class='ocrx_word' id='word_1_447' title='bbox 1643 3162 1767 3185; x_wconf 75' lang='lat' dir='ltr'><strong>caesus.</strong></span> <span class='ocrx_word' id='word_1_448' title='bbox 1793 3154 1923 3194; x_wconf 76' lang='lat' dir='ltr'><strong>Ioseph.</strong></span> 
     </span>
     <span class='ocr_line' id='line_1_39' title="bbox 156 3208 1922 3250; baseline 0.002 -12"><span class='ocrx_word' id='word_1_449' title='bbox 156 3211 326 3246; x_wconf 83' lang='lat' dir='ltr'><strong>teramque</strong></span> <span class='ocrx_word' id='word_1_450' title='bbox 368 3212 494 3248; x_wconf 84' lang='lat' dir='ltr'><strong>partem</strong></span> <span class='ocrx_word' id='word_1_451' title='bbox 528 3210 694 3250; x_wconf 80' lang='lat' dir='ltr'><strong>triumpho</strong></span> <span class='ocrx_word' id='word_1_452' title='bbox 738 3210 885 3243; x_wconf 82' lang='lat' dir='ltr'><strong>adderet.</strong></span> <span class='ocrx_word' id='word_1_453' title='bbox 945 3220 1019 3241; x_wconf 86' lang='lat' dir='ltr'><strong>nam</strong></span> <span class='ocrx_word' id='word_1_454' title='bbox 1055 3211 1093 3241; x_wconf 91' lang='lat' dir='ltr'><strong>B.</strong></span> <span class='ocrx_word' id='word_1_455' title='bbox 1116 3211 1142 3240; x_wconf 93' lang='lat'><strong>1.</strong></span> <span class='ocrx_word' id='word_1_456' title='bbox 1169 3212 1200 3248; x_wconf 81' lang='lat'><strong>7,</strong></span> <span class='ocrx_word' id='word_1_457' title='bbox 1226 3212 1257 3246; x_wconf 78' lang='lat'><strong>4,</strong></span> <span class='ocrx_word' id='word_1_458' title='bbox 1284 3212 1316 3241; x_wconf 78' lang='grc'><strong>8.</strong></span> <span class='ocrx_word' id='word_1_459' title='bbox 1352 3210 1395 3239; x_wconf 78' lang='lat' dir='ltr'><strong>cf.</strong></span> <span class='ocrx_word' id='word_1_460' title='bbox 1430 3209 1470 3240; x_wconf 84' lang='lat' dir='ltr'><strong>de</strong></span> <span class='ocrx_word' id='word_1_461' title='bbox 1500 3219 1538 3240; x_wconf 82' lang='lat' dir='ltr'><strong>eo</strong></span> <span class='ocrx_word' id='word_1_462' title='bbox 1570 3208 1614 3241; x_wconf 75' lang='lat' dir='ltr'><strong>W.</strong></span> <span class='ocrx_word' id='word_1_463' title='bbox 1640 3209 1809 3242; x_wconf 65' lang='grc' dir='ltr'><strong>ΙᾹώεηαιι</strong></span> <span class='ocrx_word' id='word_1_464' title='bbox 1841 3211 1922 3242; x_wconf 76' lang='lat' dir='ltr'><strong>For-</strong></span> 
     </span>
     <span class='ocr_line' id='line_1_40' title="bbox 155 3264 1921 3308; baseline 0.002 -13"><span class='ocrx_word' id='word_1_465' title='bbox 155 3264 379 3304; x_wconf 83' lang='lat' dir='ltr'><strong>appendieula</strong></span> <span class='ocrx_word' id='word_1_466' title='bbox 401 3265 564 3304; x_wconf 82' lang='lat' dir='ltr'><strong>quaedam</strong></span> <span class='ocrx_word' id='word_1_467' title='bbox 588 3266 746 3308; x_wconf 80' lang='lat' dir='ltr'><strong>triumphi</strong></span> <span class='ocrx_word' id='word_1_468' title='bbox 765 3266 941 3299; x_wconf 87' lang='lat' dir='ltr'><strong>Claudiani</strong></span> <span class='ocrx_word' id='word_1_469' title='bbox 957 3266 1019 3297; x_wconf 80' lang='lat' dir='ltr'><strong>fuit</strong></span> <span class='ocrx_word' id='word_1_470' title='bbox 1054 3267 1224 3306; x_wconf 77' lang='lat' dir='ltr'><strong>schungen</strong></span> <span class='ocrx_word' id='word_1_471' title='bbox 1251 3275 1310 3297; x_wconf 80' lang='lat' dir='ltr'><strong>aur</strong></span> <span class='ocrx_word' id='word_1_472' title='bbox 1334 3266 1755 3306; x_wconf 74' lang='lat' dir='ltr'><strong>Verwaltungegeechiehte</strong></span> <span class='ocrx_word' id='word_1_473' title='bbox 1787 3267 1845 3298; x_wconf 84' lang='lat' dir='ltr'><strong>des</strong></span> <span class='ocrx_word' id='word_1_474' title='bbox 1870 3269 1921 3298; x_wconf 71' lang='grc' dir='ltr'><strong>τό·</strong></span> 
     </span>
     <span class='ocr_line' id='line_1_41' title="bbox 156 3322 1920 3365; baseline 0.002 -13"><span class='ocrx_word' id='word_1_475' title='bbox 156 3329 278 3361; x_wconf 82' lang='lat' dir='ltr'><strong>pompa</strong></span> <span class='ocrx_word' id='word_1_476' title='bbox 300 3322 370 3361; x_wconf 81' lang='lat' dir='ltr'><strong>illa,</strong></span> <span class='ocrx_word' id='word_1_477' title='bbox 403 3322 438 3353; x_wconf 92' lang='lat' dir='ltr'><strong>in</strong></span> <span class='ocrx_word' id='word_1_478' title='bbox 462 3332 527 3362; x_wconf 83' lang='lat' dir='ltr'><strong>qua</strong></span> <span class='ocrx_word' id='word_1_479' title='bbox 550 3323 728 3357; x_wconf 79' lang='lat' dir='ltr'><strong>Caratacus</strong></span> <span class='ocrx_word' id='word_1_480' title='bbox 762 3328 876 3365; x_wconf 83' lang='lat' dir='ltr'><strong>postea</strong></span> <span class='ocrx_word' id='word_1_481' title='bbox 899 3325 1018 3356; x_wconf 79' lang='lat' dir='ltr'><strong>ductus</strong></span> <span class='ocrx_word' id='word_1_482' title='bbox 1056 3323 1203 3355; x_wconf 81' lang='lat' dir='ltr'><strong>miscben</strong></span> <span class='ocrx_word' id='word_1_483' title='bbox 1225 3323 1467 3355; x_wconf 80' lang='lat' dir='ltr'><strong>Kaiserreichs.</strong></span> <span class='ocrx_word' id='word_1_484' title='bbox 1491 3323 1517 3355; x_wconf 88' lang='lat'><strong>1.</strong></span> <span class='ocrx_word' id='word_1_485' title='bbox 1542 3323 1658 3355; x_wconf 84' lang='lat' dir='ltr'><strong>Band=</strong></span> <span class='ocrx_word' id='word_1_486' title='bbox 1683 3324 1747 3355; x_wconf 91' lang='lat' dir='ltr'><strong>Die</strong></span> <span class='ocrx_word' id='word_1_487' title='bbox 1770 3323 1920 3364; x_wconf 70' lang='lat' dir='ltr'><strong>Legaten</strong></span> 
     </span>
     <span class='ocr_line' id='line_1_42' title="bbox 155 3377 1919 3422; baseline 0.001 -13"><span class='ocrx_word' id='word_1_488' title='bbox 155 3381 215 3410; x_wconf 79' lang='lat' dir='ltr'><strong>eat.</strong></span> <span class='ocrx_word' id='word_1_489' title='bbox 239 3378 390 3409; x_wconf 66' lang='lat' dir='ltr'><strong>wavra.</strong></span> <span class='ocrx_word' id='word_1_490' title='bbox 1052 3380 1220 3421; x_wconf 70' lang='lat' dir='ltr'><strong>(Leipzig,</strong></span> <span class='ocrx_word' id='word_1_491' title='bbox 1244 3380 1397 3412; x_wconf 81' lang='lat' dir='ltr'><strong>Teubner</strong></span> <span class='ocrx_word' id='word_1_492' title='bbox 1423 3381 1525 3419; x_wconf 83' lang='lat'>1888)</span> <span class='ocrx_word' id='word_1_493' title='bbox 1548 3390 1583 3420; x_wconf 81' lang='lat' dir='ltr'><strong>p.</strong></span> <span class='ocrx_word' id='word_1_494' title='bbox 1600 3382 1677 3413; x_wconf 74' lang='lat'><strong>272.</strong></span> <span class='ocrx_word' id='word_1_495' title='bbox 1692 3397 1736 3404; x_wconf 89' lang='lat'><strong>—</strong></span> <span class='ocrx_word' id='word_1_496' title='bbox 1749 3377 1873 3422; x_wconf 64' lang='grc' dir='ltr'><strong>φασί]</strong></span> <span class='ocrx_word' id='word_1_497' title='bbox 1891 3390 1919 3410; x_wconf 83' lang='grc' dir='ltr'><strong>ο.</strong></span> 
     </span>
    </p>

    <p class='ocr_par' dir='ltr' id='par_1_5' title="bbox 200 3435 1919 3478">
     <span class='ocr_line' id='line_1_43' title="bbox 200 3435 1919 3478; baseline 0.002 -13"><span class='ocrx_word' id='word_1_498' title='bbox 200 3436 253 3466; x_wconf 71' lang='grc'><strong>48.</strong></span> <span class='ocrx_word' id='word_1_499' title='bbox 278 3435 529 3477; x_wconf 68' lang='lat' dir='ltr'><strong>morab-‘mul</strong></span> <span class='ocrx_word' id='word_1_500' title='bbox 555 3441 588 3477; x_wconf 72' lang='lat' dir='ltr'><strong>a,</strong></span> <span class='ocrx_word' id='word_1_501' title='bbox 625 3440 677 3470; x_wconf 76' lang='lat'><strong>18.</strong></span> <span class='ocrx_word' id='word_1_502' title='bbox 714 3449 803 3478; x_wconf 76' lang='lat' dir='ltr'><strong>seqq.</strong></span> <span class='ocrx_word' id='word_1_503' title='bbox 828 3456 873 3463; x_wconf 92' lang='lat'><strong>—</strong></span> <span class='ocrx_word' id='word_1_504' title='bbox 898 3444 1017 3470; x_wconf 60' lang='lat' dir='ltr'><strong>neuen</strong></span> <span class='ocrx_word' id='word_1_505' title='bbox 1055 3439 1121 3469; x_wconf 65' lang='grc' dir='ltr'><strong>ὅδε</strong></span> <span class='ocrx_word' id='word_1_506' title='bbox 1144 3436 1528 3477; x_wconf 63' lang='lat' dir='ltr'><strong>vimuqioncs--per</strong></span> <span class='ocrx_word' id='word_1_507' title='bbox 1551 3436 1722 3476; x_wconf 70' lang='lat' dir='ltr'><strong>Illyricum</strong></span> <span class='ocrx_word' id='word_1_508' title='bbox 1746 3438 1919 3478; x_wconf 58' lang='grc' dir='ltr'><strong>ὥρα-σοι»</strong></span> 
     </span>
    </p>

    <p class='ocr_par' dir='ltr' id='par_1_6' title="bbox 245 3492 1710 3537">
     <span class='ocr_line' id='line_1_44' title="bbox 245 3492 1710 3537; baseline 0.001 -11"><span class='ocrx_word' id='word_1_509' title='bbox 245 3492 378 3526; x_wconf 75' lang='lat' dir='ltr'><strong>&#39;l&#39;aeim</strong></span> <span class='ocrx_word' id='word_1_510' title='bbox 400 3494 457 3526; x_wconf 85' lang='lat'><strong>111.</strong></span> <span class='ocrx_word' id='word_1_511' title='bbox 1657 3499 1710 3537; x_wconf 74' lang='lat'><strong>28</strong></span> 
     </span>
    </p>
   </div>
  </div>
 </body>
</html>
