2176 3672
0 0 290 65 &aas
316 0 347 14 -,

884 221 987 278 Gap.
1011 223 1080 264 43.
1105 225 1173 264 44.
1862 229 1914 269 79

119 318 258 387 ²ms.
274 335 344 382 ad
383 335 543 392 proelia
581 336 726 377 noctes
765 334 929 390 legunt,
966 333 1138 390 ipsaque
1178 335 1393 378 formidine
1435 340 1558 393 atque
1598 337 1741 381 umbra
1778 339 1916 382 feralis

143 412 352 461 uomitus
390 416 593 455 terrorem
632 411 836 465 infenmt,
877 411 991 453 nullo
1031 411 1212 453 hostium
1253 413 1480 456 sustinente
1521 427 1674 457 novum
1713 429 1762 457 ac
1803 416 1917 458 velut

138 472 616 546 infernuffi‘aspectum:
648 503 743 532 nam
771 488 892 545 primi
921 488 962 530 in
995 487 1182 530 omnibus
1214 489 1381 545 proeliis
1413 491 1518 532 oculi
1548 492 1778 534 vincuntur.

194 595 198 597 s
262 566 396 611 Trans
426 566 583 623 Lugios
616 565 804 609 Gotones
835 569 1072 621 regnantur,
1095 565 1217 622 paulo
1249 566 1330 608 iam
1360 567 1572 611 adductius
1603 583 1723 625 quam
1754 573 1916 612 ceterae

144 643 444 688 Germanorum
480 647 650 700 gentes,
693 642 875 686 nondum
910 646 1051 685 tamen
1090 656 1213 699 supra
1251 643 1495 686 libertatem.
1542 646 1728 702 protinus
1770 646 1916 689 deinde
1930 662 1946 687 ⁶

140 721 195 765 ab
235 720 404 765 Oceano
445 720 572 778 Rugii
614 724 657 764 et
695 719 906 774 Lemovii3
945 719 1209 776 omniumque
1250 719 1395 762 harum
1436 722 1620 777 gentium
1655 723 1817 779 insigne
1853 737 1918 765 ro—

142 797 272 846 tunda
300 801 435 852 scuta,
465 798 617 841 breves
649 797 773 854 gladii
803 800 846 840 et
876 810 976 853 erga
1004 810 1127 854 reges
1161 796 1416 853 obsequium.
1906 791 1910 795 ’

261 875 354 932 (44)
386 874 585 918 Suionum
614 874 710 917 hinc
740 875 946 929 civitates,
977 875 1069 931 ipso
1100 874 1144 916 in
1174 873 1359 929 OceanO,
1389 878 1556 931 praeter
1585 876 1694 919 viros
1724 891 1917 934 annaque

249 1011 277 1043 1.
295 1008 416 1053 preliis
431 1010 468 1043 O.
483 1027 522 1034 —
544 1013 574 1042 4.
597 1008 726 1052 Luqios
739 1010 940 1042 Miillenhoff.
963 1007 1070 1052 lyqios
1085 1010 1115 1040 A
1126 1009 1162 1042 Ο.
1185 1007 1283 1051 tiqios
1298 1010 1336 1040 Β.
1354 1027 1391 1032 -
1406 1008 1566 1052 ῃοεὴοηεε
1582 1012 1646 1042 AB
1658 1012 1693 1043 C.
1709 1029 1747 1034 —-
1770 1022 1917 1055 reynau-

1381 1061 1401 1081 υ

732 1050 770 1083 ii

1671 1062 1688 1083 e

142 1095 202 1125 tm·
221 1093 252 1126 A
266 1093 302 1126 G.
333 1097 480 1136 requam
500 1094 538 1125 B.
561 1111 598 1116 —
622 1095 652 1124 5.
670 1098 837 1135 protenus
859 1094 898 1125 A.
923 1093 965 1116 —'
984 1096 1013 1125 6.
1030 1077 1169 1124 'lemonia'
1189 1093 1218 1123 A
1235 1093 1270 1124 C.
1299 1090 1435 1124 lemonia·
1455 1094 1493 1125 B.
1517 1112 1553 1116 —
1578 1097 1606 1125 8.
1628 1093 1701 1136 ipso
1724 1096 1759 1126 C.
1788 1094 1860 1143 ips?
1881 1097 1918 1126 B.

674 1144 717 1165 no

141 1174 216 1221 ipse
236 1177 276 1208 A.
298 1193 337 1200 -
360 1185 487 1208 oceano
509 1177 585 1208 Ac.
608 1185 774 1208 oceanum
795 1177 832 1208 B.

143 1292 201 1325 des
219 1293 294 1326 und
313 1293 367 1326 die
389 1293 505 1334 Gaea,
535 1293 656 1326 Berlin
678 1297 767 1326 1846.
790 1305 822 1335 p.
844 1297 901 1326 35:
937 1292 1006 1325 Ta-

143 1339 233 1372 ciem
252 1339 347 1373 redet
369 1351 432 1373 uns
455 1351 521 1373 von
542 1340 662 1373 keinen
680 1341 786 1375 Geten
806 1340 912 1380 mehr,
933 1339 1008 1372 weil

141 1386 235 1420 scine
256 1386 482 1420 melaria-laten
512 1388 695 1431 imqemeiu
725 1399 788 1420 aus
816 1387 1008 1420 deutschem

118 1440 124 1445 ’
143 1433 274 1467 ber-ictu
291 1434 444 1476 lliessen,
472 1435 535 1468 den
557 1435 741 1468 deutschen
771 1435 823 1468 die
845 1446 1007 1468 nameus—

138 1482 232 1524 form
260 1483 342 1515 Geta
366 1482 479 1524 fremd
506 1486 611 1515 war.“
640 1485 688 1515 Cf.
720 1486 839 1516 Grimm
869 1486 907 1516 G.
918 1485 958 1515 D.
975 1484 1007 1516 S.

141 1530 244 1562 fletae
264 1540 343 1562 vero
364 1534 439 1571 post
458 1531 596 1563 Dionem
611 1532 787 1572 chrysost,
813 1533 872 1572 qui*
894 1532 1008 1563 Getica

141 1577 269 1618 scripsit
304 1578 376 1616 (m.
405 1579 524 1610 Reiske
556 1580 573 1609 1
600 1588 632 1618 p.
655 1581 706 1618 ¹14,
742 1581 814 1618 238,
843 1580 934 1617 3⁷8),
975 1581 1008 1610 et

139 1624 369 1656 Philostratum
388 1626 422 1656 in
436 1626 549 1657 Dionis
565 1627 630 1658 vita
652 1627 724 1665 (Ed.
739 1627 864 1666 Kayser
884 1635 917 1666 p.
929 1628 1006 1657 205:

141 1663 195 1709 ὥς
216 1665 258 1701 δὲ
269 1669 336 1701 καὶ
352 1668 526 1716 ἱστορίαν
544 1666 678 1711 ἱκανὸς
694 1662 743 1713 ἦν
760 1666 1006 1717 ξυγγράφειν,

141 1713 256 1758 δηλοῖ
267 1711 315 1749 τά
330 1715 364 1749 Γ
361 1712 476 1750 ετικά·
475 1717 493 1760 )
509 1730 576 1751 non
596 1721 660 1752 iam
676 1725 900 1753 memorantur.
931 1722 1007 1752 Goti

140 1769 248 1798 autem
278 1768 338 1798 sub
368 1760 586 1809 Ἀστίγγων,
618 1769 855 1809 Amlingorum,
888 1770 1006 1800 nobilis

140 1814 249 1853 gentis
264 1815 396 1846 Geticae
411 1817 549 1854 nomine,
566 1816 702 1855 primum
720 1819 906 1856 comparent
921 1817 1008 1856 apud

139 1860 278 1892 Dionem
301 1862 390 1893 Cass.
413 1865 463 1901 71,
494 1865 531 1894 12
553 1864 612 1894 sub
632 1864 675 1894 M.
696 1864 828 1895 Aurelio
842 1865 1005 1895 Antonino

139 1915 170 1939 a.
195 1911 272 1948 post
299 1909 374 1940 chr.
404 1911 473 1948 166,
505 1913 574 1942 167.
602 1911 690 1942 Inter
723 1914 890 1951 utrumque
910 1913 1009 1952 igitur

139 1963 258 1987 nomen
279 1965 415 1988 vacuum
436 1959 486 1988 est
507 1958 646 1997 spatium
667 1967 823 1989 annorum
844 1960 1008 1991 dumtaxat

139 2001 210 2039 Lx,
239 2011 303 2042 quo
333 2003 452 2042 Getae,
489 2004 608 2035 diversi
636 2006 664 2035 si
691 2005 831 2037 fuissent
856 2015 877 2037 a
906 2007 1007 2046 Gotis,

139 2048 228 2078 nuno
250 2050 300 2080 sui
321 2051 460 2090 vestigio
480 2052 594 2083 relicto
614 2053 746 2084 interire
760 2063 827 2084 non
848 2057 1005 2094 poterant.

140 2093 306 2127 Poetioum
321 2099 427 2128 autem
439 2107 558 2129 nomen
572 2100 711 2130 retinere
731 2101 843 2132 maluit
863 2102 918 2132 diu
931 2105 1007 2134 ante

140 2139 333 2174 Iomandem
358 2145 450 2176 etiam
474 2145 668 2177 Claudianus
689 2144 823 2178 Bellum
854 2146 1008 2181 Geticum

141 2188 327 2222 describens
356 2201 429 2223 cum
449 2190 595 2223 Alarico
616 2196 752 2233 gestum.
783 2195 847 2226 Cfr.
870 2197 1006 2237 Procop.

141 2236 252 2269 Gotth.
275 2240 303 2277 1,
323 2241 381 2270 24:
403 2233 562 2269 Γετικὸν
578 2233 651 2285 γὰρ
669 2231 783 2279 ἔθνος
799 2240 900 2280 φασὶ
917 2239 1008 2282 τοὺς

139 2275 312 2323 Γότθους
336 2279 444 2316 εἶναι.
474 2288 576 2319 Zeuss
603 2286 647 2319 D.
674 2299 706 2329 p.
737 2292 808 2329 401,
838 2292 940 2324 Ukert
968 2291 1007 2324 G.

139 2340 172 2371 p.
193 2333 273 2371 411,
300 2334 355 2373 qui
382 2336 488 2365 tamen
513 2333 660 2366 Gotones
687 2346 708 2368 a
732 2335 826 2369 Goeis
862 2339 1006 2372 diversos

139 2382 245 2419 putat3
277 2381 359 2413 haec
381 2382 509 2422 quidem
529 2383 633 2414 forma
654 2384 781 2416 demum
802 2389 877 2425 post
896 2387 1005 2419 Ptole-

138 2437 264 2459 maeum
284 2430 451 2469 reperitur,
472 2431 527 2470 qui
546 2433 575 2469 3,
596 2434 615 2461 5
638 2441 694 2463 eos
709 2436 804 2464 vocat
820 2435 1006 2475 Gythones3

138 2475 201 2514 ipsi
222 2484 295 2507 sese
315 2477 521 2516 appellabant
546 2475 745 2510 Gutthiuda.
756 2481 794 2511 V.
817 2482 849 2511 in
872 2478 1007 2514 Calend-

140 2523 214 2553 Got.
234 2523 311 2554 Maii
340 2524 488 2564 Ulphilae
516 2527 597 2565 part.
628 2527 713 2558 ined.
742 2530 871 2568 specim.
901 2540 932 2570 p.
956 2533 1005 2561 26.

140 2569 306 2602 ORELLI.
329 2572 473 2603 Grimmii
501 2575 702 2614 sententiam,
725 2578 780 2616 qui
807 2575 908 2609 Getas
931 2588 1005 2610 eos·

139 2617 212 2658 dem
245 2627 318 2650 esse
346 2620 483 2658 probare
512 2621 633 2652 studuit
662 2632 701 2653 ac
733 2621 852 2663 Goaeos,
889 2626 1007 2657 refellit

139 2666 235 2697 etiam
248 2666 441 2698 Mtillenhoff
451 2667 484 2698 in
499 2671 766 2702 commentatione
777 2680 835 2702 sua
847 2673 886 2703 de
902 2670 1006 2710 Getis,

139 2712 262 2744 inserta
282 2714 316 2744 in
330 2714 461 2754 Encycl.
483 2715 615 2747 Halens.
649 2718 798 2749 Ceterum
813 2720 845 2750 h.
858 2721 879 2750 l.
894 2730 1006 2752 revera

143 2756 220 2791 Gon·
247 2761 311 2791 alia
335 2762 472 2792 nominis
500 2762 604 2794 forma
626 2762 771 2796 Gotones
793 2768 1005 2806 appellantur.

139 2807 335 2839 Habitabant
345 2809 422 2839 eiad
432 2810 588 2841 vistulam
608 2811 799 2847 inferiorem.
822 2814 870 2845 Cf.
884 2815 1005 2845 Grimm

140 2853 179 2885 G.
195 2854 235 2884 D.
253 2854 287 2886 8.
308 2857 386 2894 722,
408 2856 449 2887 de
470 2858 608 2889 nominis
634 2861 791 2899 scriptura
813 2861 1009 2892 Miillenhoff

138 2901 173 2931 Z.
195 2901 235 2932 D.
256 2902 295 2933 A.
324 2903 383 2941 lx,
409 2905 480 2934 244.
511 2921 549 2927 —
578 2911 770 2947 regnantur
797 2906 904 2948 paulo
935 2907 1005 2938 iam

139 2946 332 2990 adductius]
349 2952 383 2981 ut
396 2951 478 2982 Hist-
494 2953 524 2990 3,
540 2954 576 2983 7:
599 2951 781 2985 adductius
797 2954 1005 2996 imperitare,

137 2997 291 3035 severius,
311 2998 499 3038 metaphora
513 2999 680 3041 desumpta
698 3002 738 3033 ab
754 3003 888 3033 habenis
904 3002 1004 3033 addu-

138 3043 214 3074 ctis:
238 3045 383 3075 similiter
403 3046 487 3077 Ann.
505 3048 553 3084 15,
576 3049 635 3079 48:
655 3047 835 3090 imperi-um
857 3056 925 3079 non
945 3058 1004 3078 re—

137 3089 292 3122 strictum
314 3101 377 3123 nec
395 3101 625 3134 perseverum.
657 3096 823 3127 ORELLI.
847 3097 930 3132 Quid
953 3096 1004 3131 sit,

138 3138 225 3178 quod
245 3139 376 3171 Tacitus
399 3140 542 3172 Gotones
567 3143 696 3182 regnari
718 3143 886 3173 adductius
909 3142 1005 3178 dicat,

137 3184 223 3215 haud
244 3187 322 3217 satis
342 3190 485 3227 apparet.
512 3188 605 3226 Quod
621 3190 718 3229 Sybel
741 3190 810 3220 DK.
829 3191 885 3219 116
901 3189 1004 3224 affert,

138 3231 217 3262 nihil
238 3233 280 3264 ad
296 3227 368 3265 ¹rem
390 3235 612 3267 declarandam
634 3237 784 3275 pertinet.
802 3253 838 3258 -
858 3233 1003 3265 notatum

137 3276 250 3311 tamen
272 3282 348 3322 cet]
373 3283 481 3321 „salva
501 3286 608 3314 tamen
630 3284 807 3319 libertate‚“
832 3282 882 3313 vel
904 3290 1002 3319 „non-

138 3327 212 3358 dum
245 3330 350 3361 tamen
372 3330 434 3368 ita,
464 3334 498 3362 ut
527 3330 656 3361 libertas
688 3338 796 3360 eorum
823 3329 909 3358 nulla
931 3328 999 3365 sit,“

1055 1297 1091 1326 ut
1112 1295 1187 1326 olim
1209 1295 1243 1325 in
1256 1295 1366 1335 regnis
1388 1296 1605 1326 orientalibus.
1622 1313 1659 1318 —
1676 1294 1794 1339 Ruqiz]
1817 1299 1919 1330 Taciti

1054 1345 1199 1382 tempore
1209 1342 1252 1373 ad
1258 1343 1368 1373 Viadri
1377 1340 1514 1383 (Oder)
1524 1353 1579 1373 ora
1587 1343 1778 1375 habitabant.
1801 1346 1919 1377 Postea

1055 1390 1088 1420 in
1116 1398 1234 1429 magna
1262 1390 1406 1430 gentium
1439 1390 1698 1421 Germanicam
1729 1394 1918 1432 migratione

1054 1437 1116 1476 ipsi
1138 1446 1265 1477 quoque
1287 1438 1320 1467 in
1334 1437 1457 1468 Italiam
1478 1438 1630 1477 irrupere.
1659 1439 1794 1479 Procop.
1810 1441 1918 1482 G9tth.

1055 1486 1085 1522 2,
1115 1486 1163 1515 14:
1177 1476 1362 1527 ’Έρουλοι
1386 1477 1576 1522 ἀφίκοντο
1604 1480 1644 1522 ἐς
1664 1478 1803 1528 χώραν,
1828 1482 1854 1528 ᾖ
1871 1481 1917 1527 δὴ

1053 1523 1180 1572 Ῥογοὶ
1206 1525 1250 1560 τὸ
1269 1525 1433 1561 παλαιὸν
1451 1523 1611 1573 ᾤκηντο,
1637 1528 1679 1561 οἵ
1697 1528 1747 1574 τῷ
1763 1526 1918 1564 Γότθων

1056 1574 1205 1622 στρατῷ
1235 1571 1513 1619 ἀναμιχθέντες
1546 1577 1599 1618 εἰς
1628 1573 1789 1610 Ἰταλίαν
1822 1574 1919 1618 ἐχώ-

1055 1633 1190 1670 ρησαν.
1216 1628 1366 1658 Iornand.
1390 1628 1428 1658 de
1450 1637 1540 1667 regn.
1563 1637 1703 1659 success.
1730 1629 1790 1659 Ed.
1805 1630 1918 1662 Mutat.

1054 1685 1086 1714 p.
1109 1677 1186 1705 239:
1211 1672 1406 1712 Odovaoer,
1433 1683 1554 1715 qenere
1577 1672 1712 1715 Ruqus,
1744 1673 1918 1708 Turoilin-

1053 1731 1186 1763 yonam,
1200 1720 1381 1752 Scirorum
1396 1719 1665 1763 Herulorumque
1686 1721 1791 1753 turbis
1804 1725 1918 1755 muni-

1055 1773 1108 1800 tus
1137 1767 1275 1800 Italiam
1302 1767 1441 1800 invasit.
1484 1770 1583 1800 Zeuss
1613 1767 1656 1800 D.
1688 1779 1718 1809 p.
1743 1773 1811 1808 154,
1840 1774 1918 1811 4863

1055 1817 1159 1847 Ukert
1183 1814 1222 1847 G.
1237 1826 1269 1856 p.
1285 1818 1355 1846 418.
1379 1817 1497 1847 Grimm
1522 1817 1606 1846 G.D.
1616 1817 1646 1846 S.
1662 1819 1721 1847 468
1744 1827 1823 1858 sqq„
1840 1821 1916 1858 7173

1055 1865 1248 1895 Miillenhoff
1265 1865 1350 1903 apud
1372 1865 1515 1895 Momms.
1549 1873 1579 1903 p.
1602 1866 1673 1901 519,
1695 1866 1765 1895 525.
1788 1882 1826 1887 —
1848 1863 1916 1896 Le-

1055 1910 1170 1950 moviz]
1194 1911 1242 1942 De
1254 1911 1304 1942 his
1316 1913 1482 1950 praeterea
1493 1911 1572 1940 nihil
1586 1913 1719 1943 constat.
1743 1912 1789 1942 Cf.
1799 1913 1917 1943 Grimm

1057 1959 1095 1990 G.
1107 1959 1147 1989 D.
1159 1958 1191 1989 S.
1214 1961 1286 1997 469,
1310 1961 1386 1997 7173
1408 1958 1599 1989 Miillenhoff
1610 1958 1644 1988 Z.
1660 1958 1700 1988 D.
1714 1959 1752 1988 A.
1768 1959 1824 1997 IX,
1848 1963 1918 1997 252,

1056 2007 1111 2046 qui
1131 2003 1309 2036 Lemom'os
1339 2007 1474 2037 fortasse
1502 2005 1689 2045 legendum,
1711 2007 1818 2046 utique
1840 2017 1917 2038 vero

1054 2062 1173 2084 nomen
1204 2054 1291 2094 quod
1321 2054 1431 2085 dicunt
1459 2053 1659 2084 collectivum
1689 2062 1758 2084 esse
1780 2055 1916 2093 probare

1055 2101 1172 2132 studet.

1096 2150 1146 2179 44.
1168 2146 1349 2188 Suionum]
1372 2149 1411 2179 H.
1434 2149 1454 2178 l.
1475 2148 1625 2187 generale
1647 2157 1763 2179 nomen
1785 2149 1915 2180 Germa-

1054 2205 1168 2227 norum
1198 2197 1406 2228 Soandiorum
1434 2196 1501 2226 sive
1536 2195 1819 2235 Scandinavorum,
1851 2206 1915 2227 non

1055 2252 1164 2274 eorum
1186 2244 1413 2281 tantummodo,
1437 2251 1516 2282 quos
1531 2251 1616 2272 nunc
1633 2242 1761 2280 Succos,
1777 2241 1913 2274 Schwe-

1056 2289 1120 2322 den
1133 2301 1296 2323 vocamus.
1324 2293 1423 2323 Zeuss
1443 2288 1527 2328 D.p.
1545 2291 1602 2319 156
1625 2299 1704 2329 sqq„
1717 2292 1794 2328 5133
1815 2291 1917 2322 Ukert

1058 2336 1097 2369 G.
1119 2349 1150 2378 p.
1179 2342 1250 2370 426.
1277 2340 1326 2370 De
1354 2338 1584 2369 Scandinaviae
1613 2339 1740 2367 nomine
1770 2338 1916 2370 disseruit

1056 2386 1177 2418 Grimm
1199 2388 1237 2418 G.
1248 2388 1287 2418 D.
1300 2387 1332 2418 S.
1355 2388 1413 2417 726
1435 2394 1494 2425 sq„
1516 2385 1555 2416 de
1572 2384 1741 2415 Suionibus
1765 2387 1824 2416 742
1846 2395 1916 2426 sqq.

1056 2434 1204 2465 Ceterum
1227 2436 1254 2465 si
1276 2433 1468 2472 respexeris,
1490 2441 1571 2471 quae
1591 2432 1720 2469 Grimm,
1741 2433 1839 2463 Zeuss
1862 2435 1916 2464 alii

1054 2491 1157 2521 nuper
1179 2482 1218 2512 de
1235 2480 1466 2512 Scandinaviae
1488 2479 1601 2509 incolis
1625 2478 1808 2516 docuerunt,
1835 2490 1915 2511 vana

1054 2529 1118 2559 iam
1129 2529 1288 2560 videbitur
1300 2527 1407 2567 opinio
1420 2528 1475 2557 illa
1487 2527 1526 2556 de
1538 2523 1774 2556 Scandinavia
1788 2526 1915 2567 vaye'nn

1053 2576 1214 2617 gentium.
1238 2593 1274 2598 -
1299 2575 1373 2617 ipso
1402 2574 1438 2605 in
1462 2571 1612 2611 Oceano]
1642 2572 1691 2602 Ex
1714 2573 1815 2603 Taciti
1837 2583 1915 2614 ergo

1055 2625 1206 2663 opinione
1218 2624 1337 2654 insulas
1350 2622 1546 2657 incolebant3
1562 2618 1707 2657 idemque
1719 2620 1914 2651 traditetiam

1054 2671 1194 2702 Adamas
1223 2672 1327 2701 Brem.
1355 2670 1436 2699 Hist.
1460 2667 1536 2698 eccl.
1562 2668 1588 2702 1,
1610 2667 1665 2695 22:
1696 2665 1801 2695 omnis
1830 2664 1915 2698 haec

1055 2717 1147 2759 reqio
1170 2718 1332 2755 (Sueonia)
1359 2713 1490 2756 passim
1511 2712 1547 2742 in
1570 2709 1715 2741 insulam
1738 2710 1914 2753 dispertita

1055 2769 1111 2795 est.
1143 2765 1248 2804 Atque
1265 2765 1309 2794 ita
1325 2763 1528 2802 opponuntur
1542 2758 1654 2797 Rugiis
1669 2758 1812 2798 aliisque,
1834 2770 1912 2800 quo-

1054 2822 1121 2842 rum
1145 2812 1238 2843 sedes
1260 2813 1350 2841 erant
1371 2810 1403 2839 in
1420 2806 1538 2838 Oceani
1561 2806 1663 2835 litore.
1685 2806 1795 2837 Altera
1808 2811 1913 2839 autem

1053 2860 1148 2890 lectio
1171 2858 1265 2899 ipsae
1287 2860 1354 2887 orta
1377 2859 1425 2887 est
1447 2864 1486 2885 ex
1508 2861 1596 2883 mera
1622 2854 1913 2886 accommodatione

1053 2906 1094 2936 ad
1116 2906 1294 2944 proximum
1309 2913 1378 2933 voc.
1394 2901 1557 2932 civitates.
1571 2915 1608 2921 —-
1622 2897 1779 2940 utrinque
1789 2904 1912 2943 prora]
1930 2911 1935 2923 ¹

1053 2962 1152 2983 naves
1174 2953 1271 2990 igitur
1292 2944 1484 2991 ὄίπρωροι,
1512 2945 1671 2987 him-orae
1692 2946 1809 2986 Hygin.
1835 2950 1914 2981 Feb.

1057 3002 1122 3030 168.
1166 2999 1272 3029 Naves
1305 2997 1397 3027 simili
1430 2996 1496 3026 fere
1534 2996 1628 3027 modo
1664 2999 1862 3027 constructae
1894 3007 1914 3028 a

1054 3046 1260 3081 Germanico,
1291 3045 1374 3074 Ann-
1396 3045 1424 3079 2,
1448 3046 1477 3079 6,
1509 3052 1528 3073 a
1550 3044 1692 3074 barbaris
1713 3043 1754 3074 ad
1776 3043 1911 3074 Pontum

1053 3094 1133 3123 Hist.
1163 3094 1192 3128 3,
1223 3093 1284 3127 47„
1313 3100 1333 3121 a
1355 3090 1502 3125 Venetis,
1532 3090 1651 3121 Caesar
1678 3091 1715 3120 B.
1738 3090 1775 3119 G.
1798 3092 1833 3127 8,
1865 3092 1911 3120 13.

1052 3138 1287 3176 Wackernagel
1317 3138 1351 3167 Z.
1370 3137 1408 3166 D.
1427 3136 1464 3166 A.
1488 3136 1544 3173 lx,
1576 3140 1646 3168 572.
1689 3137 1808 3166 Ibidem
1831 3147 1858 3166 v.
1881 3138 1910 3167 d.

1053 3186 1180 3215 omnino
1203 3184 1242 3214 de
1267 3186 1493 3215 Germanorum
1511 3184 1644 3214 navibus
1667 3192 1836 3222 carumque
1852 3193 1909 3213 no-

1052 3231 1187 3261 minibus
1200 3231 1396 3261 Germanicis
1418 3230 1575 3260 disseruit.
1599 3247 1635 3251 —
1657 3228 1908 3268 ministrantur]

1053 3279 1110 3309 Est
1125 3268 1268 3319 φράσις
1283 3277 1466 3316 Vergiliana
1479 3278 1560 3307 Aen.
1575 3279 1605 3315 6,
1618 3277 1691 3307 802:
1716 3273 1792 3317 lpse
1803 3279 1909 3306 ratem

1053 3328 1150 3356 conto
1173 3321 1295 3365 subiya't
1320 3322 1466 3364 velisque
1488 3323 1668 3354 ministrat.
1693 3339 1730 3346 —-
1752 3320 1907 3362 solutum]
