2112 3666
563 1011 968 1084 PRAEFATIO
1035 1010 1480 1084 GERMANIAE.

241 1211 352 1261 Jam
389 1210 806 1275 quadriennio
856 1214 964 1259 ante
1002 1209 1120 1258 haec
1160 1210 1442 1259 Germaniae
1487 1210 1627 1268 editio
1667 1210 1908 1258 Orelliana

137 1301 284 1351 altera
319 1301 450 1365 prela
483 1300 748 1364 reliquerat,
791 1317 896 1348 cum
923 1300 1158 1363 extemplo
1187 1299 1403 1363 Calvary,
1443 1299 1699 1364 bibliopola
1723 1299 1905 1348 Beroli-

135 1390 312 1452 nensis,
351 1390 412 1438 ad
449 1406 588 1453 quem
623 1389 761 1437 nobis
797 1389 956 1437 insciis
994 1405 1157 1437 omnes
1195 1388 1302 1436 libri
1326 1390 1388 1438 ad
1413 1389 1738 1452 antiquitatem
1764 1389 1905 1452 perti-

135 1483 318 1542 nentes,
341 1479 421 1543 qui
435 1478 545 1526 olim
560 1478 737 1541 Orellii,
759 1478 1012 1526 Fuessilini
1033 1483 1079 1526 et
1093 1478 1327 1527 sociorum
1343 1478 1669 1526 Turicensium
1683 1478 1907 1542 impensis

133 1573 243 1617 sunt
279 1568 410 1630 editi,
461 1568 766 1630 transierant,
817 1568 931 1616 mihi
979 1568 1212 1616 nuntiavit
1245 1564 1370 1617 hanc
1408 1584 1567 1616 curam
1603 1567 1815 1631 proxime
1840 1567 1903 1614 *in

134 1657 375 1724 publicum
397 1643 584 1722 prodire
612 1659 782 1706 debere
816 1675 871 1706 ac
895 1674 970 1706 me
996 1658 1194 1720 monuit,
1223 1662 1288 1720 ut,
1318 1658 1359 1705 si
1384 1674 1503 1721 quae
1531 1656 1607 1705 vel
1633 1657 1805 1705 addere
1832 1656 1906 1704 vel

137 1747 371 1818 corrigere
390 1747 575 1810 vellem,
604 1748 752 1812 primo
781 1764 966 1811 quoque
994 1754 1202 1811 tempore
1230 1747 1290 1795 ad
1317 1763 1366 1794 se
1398 1747 1644 1795 mitterem.
1688 1746 1907 1794 Omnium

135 1837 358 1899 maxime,
417 1837 543 1900 quod
592 1837 694 1885 fieri
741 1854 836 1885 non
885 1837 1094 1901 potuisse
1146 1837 1301 1898 doleo,
1360 1841 1508 1884 totum
1559 1853 1697 1899 quem
1747 1835 1908 1883 dicunt

137 1927 519 1975 commentarium
546 1927 595 1974 in
619 1943 791 1975 novam
819 1927 1014 1974 formam
1036 1926 1248 1989 redigere
1267 1926 1382 1973 mihi
1399 1925 1670 1989 placuisset,
1699 1931 1906 1988 tempore

134 2021 331 2079 urgente
369 2016 502 2078 mihi,
552 2016 631 2079 qui
667 2017 859 2079 insuper
896 2032 1086 2079 prorsus
1126 2016 1228 2064 aliis
1268 2015 1433 2064 studiis
1472 1997 1746 2078 distinebar,
1792 2013 1908 2062 nihil

134 2104 485 2168 relinquebatur
533 2105 623 2153 nisi
672 2111 724 2152 ut
759 2105 1010 2154 admodum
1054 2122 1206 2168 pauca
1243 2105 1465 2153 adderem
1515 2121 1570 2152 ac
1609 2104 1902 2167 corrigerem.

242 2211 359 2274 Pag.
397 2211 436 2259 I.
500 2211 772 2259 Eorundem
822 2212 1046 2260 librorum
1085 2212 1337 2275 scripturas
1375 2211 1639 2260 accuratius
1678 2211 1818 2281 etiam
1862 2215 1909 2258 et

134 2300 241 2349 libri
266 2300 418 2365 Neap.
457 2301 732 2364 scripturam
771 2301 954 2364 plenius
994 2318 1135 2364 quam
1160 2318 1187 2349 a
1213 2301 1349 2349 nobis
1375 2301 1551 2349 factum
1578 2306 1650 2348 est
1673 2299 1905 2348 Miillen-

133 2389 261 2438 hoff
290 2389 338 2437 in
377 2390 527 2438 altera
563 2390 798 2454 Hauptii
836 2390 1040 2439 editione
1078 2390 1334 2454 proposuit.
1392 2390 1568 2438 Postea
1606 2389 1783 2437 Waitz
1824 2389 1903 2450 (Gr.

137 2479 196 2527 G.
235 2480 318 2540 A.)
369 2481 573 2543 probare
629 2479 806 2528 studuit
859 2480 1028 2528 librum
1075 2479 1381 2528 Vaticanum*
1410 2480 1541 2526 1518
1595 2495 1735 2542 saepe
1785 2478 1905 2525 inte-

135 2568 338 2631 griorem
374 2570 599 2632 praebere
639 2569 917 2632 scripturam
956 2586 1095 2632 quam
1134 2571 1179 2617 A
1217 2569 1279 2629 B,
1320 2573 1461 2631 atque
1501 2573 1681 2616 ceteros
1721 2583 1906 2630 quoque

135 2657 279 2706 libros
318 2658 504 2722 saepius
542 2658 603 2707 ad
640 2675 801 2706 verum
839 2658 1178 2707 restituendum
1218 2675 1321 2707 esse
1360 2657 1667 2708 adhibendos.

240 2765 499 2814 Welfflin
538 2766 762 2828 (Hermes
798 2766 892 2828 XI,
944 2768 1063 2828 126)
1102 2766 1208 2814 libri
1244 2765 1597 2829 inscriptionem
1635 2764 1778 2812 fuisse
1817 2763 1903 2811 DE

136 2853 293 2902 SITU
330 2854 416 2903 AC
455 2855 735 2904 POPVLIS
776 2855 1172 2904 GERMANIAE
1211 2855 1472 2903 luculenter
1509 2853 1678 2902 docuit.

240 2978 286 3025 p.
324 2963 370 3023 2,
397 2962 427 3009 1.
453 2965 481 3010 5
517 2979 600 3027 pro
627 2981 702 3011 vv.
745 2963 903 3011 cuius
942 2963 1166 3011 incolae
1195 2992 1256 2996 ——
1285 2961 1531 3010 Romani.
1571 2961 1624 3008 l.:
1666 2976 1784 3023 quae
1823 2958 1904 3007 ad-

135 3050 256 3099 iecto
283 3068 327 3098 v.
369 3052 544 3100 omnis
570 3069 665 3101 non
691 3059 787 3102 tam
813 3053 1063 3117 opponitur
1100 3051 1191 3099 illis
1220 3050 1468 3100 Germanis
1497 3055 1602 3112 cet.,
1644 3066 1780 3112 quam
1809 3047 1902 3096 sin-

135 3139 256 3203 gulis
282 3141 429 3204 ipsius
455 3142 680 3205 partibus.
714 3142 744 3190 l.
771 3144 797 3190 7
828 3142 931 3190 dele
951 3159 1028 3189 vv.
1056 3142 1158 3189 Nec
1184 3157 1294 3189 vero
1320 3170 1380 3175 ——
1404 3139 1608 3204 respicit.
1636 3156 1682 3201 p.
1713 3140 1758 3198 2,
1787 3154 1830 3200 p.
1860 3153 1901 3184 a.

135 3229 166 3276 1.
193 3231 216 3276 1
247 3235 355 3293 post
375 3247 417 3277 v.
449 3230 742 3280 dicebatur
768 3232 908 3280 adde:
941 3232 1072 3289 Quae
1101 3230 1364 3294 nuperrime
1386 3227 1730 3277 Miillenhoff
1752 3226 1818 3273 vir
1845 3224 1900 3272 cl.

139 3318 335 3380 (Archiv
378 3319 453 3367 fiir
491 3320 606 3370 slav.
647 3320 770 3369 Phil.
810 3321 855 3384 I,
905 3322 954 3383 2)
1000 3321 1058 3368 de
1095 3319 1371 3381 Danuvio,
1423 3318 1677 3377 Dunauu,
1723 3313 1900 3375 Dunaj

138 3406 372 3471 disseruit,
415 3410 623 3459 nondum
659 3410 767 3473 legi.
