2176 3672
698 225 872 269 LIBER
899 226 931 269 Ι.
991 225 1092 279 Cap.
1124 224 1191 267 52.
1221 224 1288 267 53.
1320 225 1387 266 54.
1417 223 1485 267 55.
1897 223 1981 266 275

210 355 358 386 eorum
386 342 430 385 in
459 341 697 397 squalorem
728 342 1072 396 maestitiamque
1102 339 1327 394 compositi
1364 352 1442 394 per
1479 340 1692 395 principia
1728 352 1806 394 per
1835 341 1983 383 contu-

208 421 359 466 bernia
385 423 511 466 modo
539 435 654 473 suas.
671 422 855 465 iniurias
891 422 1016 464 modo
1045 420 1279 464 vicinarum
1318 420 1556 464 civitatium
1591 420 1783 474 praemia
1819 422 1883 473 et,
1911 419 1985 463 ubi

207 494 357 558 pronis
386 502 568 546 militum
598 501 773 545 auribus
802 501 1141 556 accipiebantur,
1180 501 1317 555 ipsius
1347 501 1558 544 exercitus
1592 499 1783 555 pericula
1811 503 1856 543 et
1883 513 1983 543 con-

209 582 407 627 tumelias
436 585 740 638 conquerentes
770 581 1058 625 accendebant
1086 581 1262 624 animos.
1293 593 1370 624 nec
1392 581 1540 636 procul
1561 581 1772 624 seditione
1791 579 1983 634 aberant,

208 675 304 707 cum
332 662 603 707 Hordeonius
632 662 810 706 Flaccus
840 662 958 706 abire
986 661 1172 717 legatos,
1212 665 1345 716 utque
1372 661 1580 705 occultior
1608 662 1827 716 digressus
1856 664 1984 715 esset,
2020 668 2041 699 5

206 747 332 788 nocte
359 742 514 788 castris
543 743 745 786 excedere
774 742 902 786 iubet.
941 743 1040 786 inde
1070 746 1194 785 atrox
1223 755 1381 796 rumor,
1412 740 1738 785 adfirmantibus
1767 741 1982 796 plerisque

206 821 455 869 interfectos
485 835 556 878 ac,
594 823 679 866 nisi
708 823 792 878 ipsi
822 823 1109 877 consulerent,
1147 821 1241 866 fore
1267 826 1319 866 ut
1347 822 1544 865 acerrimi
1572 822 1756 865 militum
1785 825 1829 865 et
1856 835 1981 877 prae-

205 904 346 948 smtia
373 904 594 959 conquesti
632 916 710 958 per
739 903 936 947 tenebras
975 907 1019 946 et
1047 903 1259 946 inscitiam
1289 905 1526 946 ceterorum
1555 903 1861 946 occiderentur.
1907 902 1980 946 ob-

204 985 477 1039 stringuntur
505 985 618 1027 inter
638 996 685 1027 se
714 985 846 1027 tacito
868 983 1041 1027 foedere
1063 983 1271 1038 legiones3
1302 983 1557 1026 adsciscitur
1575 983 1828 1026 auxiliorum
1846 983 1981 1038 miles,

204 1065 345 1120 primo
385 1068 631 1119 suspectus,
674 1068 877 1120 tanquam
917 1064 1191 1107 circumdatis
1231 1063 1477 1106 cohortibus
1515 1063 1680 1118 alisque
1715 1064 1900 1118 impetus
1937 1065 1980 1107 in
1996 1073 2037 1103 ιο

203 1144 391 1199 legiones
412 1148 652 1200 pararetur,
682 1157 778 1188 mox
803 1146 951 1188 eadem
981 1145 1122 1188 acrius
1143 1143 1328 1197 volvenS,
1358 1142 1549 1187 faciliore
1577 1145 1690 1187 inter
1717 1144 1852 1187 malos
1882 1157 1979 1188 con-

206 1237 334 1269 sensu
373 1226 430 1268 ad
465 1225 622 1269 bellum
659 1238 787 1280 quam
825 1225 868 1267 in
897 1237 1004 1280 pace
1033 1225 1089 1268 ad
1118 1224 1396 1268 concordiam.
1456 1222 1550 1279 (55)
1588 1223 1801 1268 inferioris
1838 1228 1979 1268 tamen

206 1304 459 1349 Germaniae
496 1305 682 1360 legiones
721 1305 913 1348 sollemni
951 1305 1231 1348 kalendarum
1266 1305 1565 1348 Ianuariarum
1594 1308 1859 1348 sacramento
1898 1319 1978 1360 pro

206 1385 345 1430 Galba
382 1386 583 1439 adactae,
621 1385 758 1428 multa
787 1386 1056 1429 cunctatione
1091 1389 1135 1428 et
1163 1385 1275 1428 raris
1303 1385 1536 1439 primorum
1566 1386 1763 1428 ordinum
1792 1386 1978 1439 vocibus,

203 1466 334 1509 ceteri
363 1465 532 1509 silentio
560 1466 742 1520 proximi
773 1466 978 1521 cuiusque
1007 1465 1231 1508 audaciam
1256 1468 1540 1520 expectantes,
1570 1466 1699 1508 insita
1728 1466 1977 1509 mortalibus
1993 1475 2035 1506 15

201 1549 360 1590 natura
386 1558 569 1601 propere
597 1546 718 1601 sequi
747 1559 857 1601 quae
895 1546 1015 1601 piget
1049 1545 1261 1589 inchoare.
1306 1546 1382 1588 sed
1418 1545 1525 1600 ipsis
1563 1546 1800 1600 legionibus
1838 1548 1978 1590 inerat

203 1626 431 1670 diversitas
460 1627 707 1669 animorum.
736 1627 920 1681 primani
949 1627 1227 1682 quintanique
1255 1626 1417 1669 turbidi
1447 1627 1565 1681 adeo,
1595 1631 1645 1670 ut
1673 1628 1845 1682 quidam
1875 1640 1978 1670 saxa

201 1707 248 1750 in
276 1705 439 1750 Galbae
467 1707 674 1761 imagines
703 1707 900 1750 iecerint:
942 1707 1092 1762 quinta
1129 1707 1307 1750 decuma
1346 1719 1397 1750 ac
1424 1710 1547 1749 sexta
1576 1708 1754 1750 decuma
1789 1707 1975 1762 legiones

203 1786 310 1831 nihil
330 1786 454 1830 'ultra
480 1785 698 1830 fremitum
737 1790 781 1830 et
808 1788 945 1830 minas
983 1800 1116 1830 ausae
1151 1787 1320 1830 initium
1359 1788 1608 1841 erumpendi
1648 1788 1974 1842 circumspecta-

201 1866 317 1910 bant.
362 1870 410 1910 at
437 1867 481 1910 in
510 1868 730 1922 superiore
758 1868 946 1911 exercitu
975 1871 1131 1922 quarta
1165 1880 1216 1910 ac
1245 1868 1576 1910 duoetvicesima
1613 1867 1800 1922 legiones
1838 1869 1974 1911 isdem
1988 1877 2031 1909 20

202 1946 390 1991 hibernis
416 1947 638 1991 tendentes
667 1948 762 2002 ipso
784 1947 1063 1991 kalendarum
1084 1948 1380 2000 Ianuariarum
1402 1948 1472 1990 die
1492 1948 1741 2002 dirumpunt
1769 1949 1974 2002 imagines

203 2027 387 2082 Galbae,
428 2031 584 2083 quarta
611 2028 722 2082 legio
751 2028 1012 2083 promptius,
1051 2028 1413 2071 duoetvicensima
1442 2031 1711 2082 cunctanter,
1749 2042 1844 2072 mox
1875 2041 1973 2072 con-

203 2121 343 2152 sensu.
393 2120 443 2151 ac
470 2121 524 2151 ne
551 2108 833 2151 reverentiam
863 2108 1031 2162 imperii
1060 2120 1215 2150 exuere
1244 2109 1510 2160 viderentur,
1540 2112 1714 2151 senatus
1743 2109 1975 2164 populique

202 2188 381 2232 Romani
410 2187 638 2232 obliterata
666 2189 752 2231 iam
780 2189 951 2230 nomina
979 2191 1246 2231 sacramento
1275 2187 1561 2241 advocabant,
1590 2188 1707 2231 nullo
1735 2189 1972 2242 legatorum

201 2268 524 2313 tribunorumve
551 2282 631 2323 pro
661 2268 798 2312 Galba
826 2268 1010 2322 nitente,
1040 2268 1317 2323 quibusdam,
1346 2271 1396 2311 ut
1423 2269 1467 2312 in
1496 2269 1705 2323 tumultu,
1741 2269 1972 2313 notabilius
1986 2280 2028 2311 25

297 2434 312 2463 1
348 2431 588 2471 maestitiamque
670 2432 690 2463 2
725 2432 841 2462 Insa-‚s
865 2431 916 2473 (In
941 2430 1106 2462 delendum
1129 2430 1247 2461 lineola
1268 2435 1358 2462 notat
1382 2429 1447 2472 2m)
1527 2433 1546 2462 ’1
1580 2431 1614 2461 ni
1639 2431 1701 2462 sibi
1725 2430 1910 2469 Rhenanus,
1936 2432 1969 2462 ni

202 2477 265 2510 sibi
280 2477 344 2518 ipsi
358 2477 456 2509 Halm
539 2478 560 2508 8
584 2478 753 2517 conquesti
839 2479 859 2508 9
884 2477 993 2517 federe
1081 2478 1119 2508 11
1146 2477 1275 2516 legione
1363 2478 1404 2507 13
1429 2477 1466 2507 kl
1490 2487 1559 2507 cum
1582 2477 1669 2507 linea
1691 2482 1877 2508 transversa
1901 2478 1935 2507 in
1958 2478 1969 2508 l

205 2524 247 2555 1⁶
271 2524 355 2564 pigit
439 2524 481 2555 1⁹1
506 2533 585 2555 saxo
606 2522 759 2554 lamo-ius
784 2523 960 2562 scripturus
984 2533 1002 2554 e
1027 2523 1060 2554 in
1083 2532 1103 2553 a
1125 2522 1259 2553 mutavit
1345 2524 1385 2554 19
1411 2523 1511 2554 nichil
1593 2523 1724 2553 fremitu
1809 2525 1853 2555 20
1876 2523 1970 2555 hisde

203 2571 246 2602 21
277 2569 317 2601 kl
349 2579 419 2600 cua
440 2569 496 2600 lin.
520 2574 707 2601 mmet-sa
736 2569 771 2599 iu
797 2570 810 2600 l
901 2569 1074 2609 dirrfipunt
1104 2568 1251 2609 (diruunt
1283 2568 1333 2599 vel
1364 2569 1529 2608 deripiunt
1553 2568 1738 2606 Acidaliae,
1772 2569 1970 2609 derumpunt

201 2613 315 2659 Bata)
394 2617 436 2647 22
469 2619 641 2656 promptus
664 2616 690 2659 (i
713 2625 869 2656 mperaecr.
895 2613 958 2657 2m)
1043 2615 1106 2646 duo
1131 2618 1162 2645 et
1186 2614 1341 2646 uicesima
1364 2614 1400 2656 (n
1425 2624 1580 2654 super-scr.
1607 2614 1671 2655 lm)
1741 2617 1783 2647 24
1808 2614 1969 2647 sacran’ita

199 2661 269 2706 (ult.
293 2671 314 2693 n
335 2661 370 2693 ἐι
392 2671 412 2693 ο
435 2671 518 2692 corr.
546 2661 611 2705 lm)

203 2796 362 2839 hupitii,
387 2799 485 2838 fidei,
510 2799 625 2839 pacis,
651 2799 849 2830 concordiae
882 2797 940 2840 (Η.
967 2799 1008 2838 2,
1035 2797 1069 2839 8)
1159 2798 1211 2828 55.
1260 2807 1342 2835 quae
1374 2798 1463 2836 χήρα
1498 2797 1659 2838 menoare]
1701 2798 1744 2828 cf.
1767 2799 1809 2829 Η.
1837 2801 1877 2838 2,
1903 2801 1964 2832 80:

206 2853 356 2897 ἱιείςιιος
395 2857 510 2896 quales
545 2857 698 2887 visuntur
738 2856 772 2887 in
811 2856 953 2887 nummis
992 2854 1069 2885 Iulii
1104 2854 1178 2884 dum
1211 2855 1377 2893 quaeritur
1408 2859 1527 2894 tempus
1557 2854 1664 2891 locus,
1699 2855 1843 2894 quodque
1875 2857 1910 2887 in
1931 2866 1967 2887 re

206 2910 355 2944 cau-ris
379 2914 469 2953 apud
493 2913 664 2945 Akerman
690 2914 718 2944 1.
743 2923 776 2953 p.
796 2915 880 2944 106:
911 2912 1008 2942 PAX.
1035 2911 1068 2941 S.
1103 2911 1166 2941 tali
1198 2910 1421 2951 dffcfflbnum
1455 2916 1517 2947 est,
1549 2912 1660 2951 prima
1692 2922 1763 2943 vox.
1803 2913 1896 2944 L1Ps.
1922 2931 1966 2937 —

207 2965 241 2997 0.
264 2970 298 2999 et
320 2968 355 3000 in
378 2970 423 3000 Π.
447 2971 607 3010 Antonii,
641 2970 699 3002 ubi
732 2971 912 3001 caduceum
945 2971 1067 3000 teuent.
1104 2968 1299 3009 dirumpunt]
1323 2969 1490 3007 scindunt,
1516 2969 1673 3007 frangunt
1690 2969 1723 2999 in
1740 2973 1860 3008 partes.
1899 2971 1965 3001 Do-

205 3022 294 3055 Ibid-
316 3033 350 3064 ι).
368 3026 421 3057 ²6.
467 3027 538 3070 (Sic
562 3028 662 3059 etim
694 3028 783 3068 apud
808 3026 964 3058 Graecos.
1004 3025 1069 3056 Xe·
1104 3025 1208 3056 labris
1225 3025 1313 3056 enim
1336 3025 1517 3056 instructus
1540 3025 1636 3056 miles
1654 3035 1883 3067 quamcunque
1898 3037 1966 3059 ma-

210 3080 311 3120 noph.
334 3082 436 3121 Agea-
459 3084 502 3123 8,
525 3086 567 3116 4:
602 3081 715 3124 δεξιὰν
741 3072 911 3126 aspirem.
960 3082 1067 3113 Anah.
1104 3083 1220 3113 tei-iem
1244 3082 1422 3121 dimmpm
1446 3082 1592 3114 valebat.
1638 3082 1759 3113 Florus
1781 3084 1815 3122 4,
1834 3086 1895 3115 10:
1920 3084 1967 3115 sic

206 3137 248 3175 22
270 3137 314 3176 4,
339 3139 378 3169 12
416 3136 532 3179 δεξιᾶς
565 3137 644 3174 ἔνιοι
674 3138 767 3182 παρὰ
801 3138 968 3184 βασιλέως
992 3137 1067 3181 lepe-
1102 3139 1157 3169 vix
1179 3138 1274 3169 tertia
1299 3144 1396 3178 parte
1419 3139 1457 3170 de
1479 3138 1613 3170 sedecim
1634 3139 1806 3178 leqiom’bus
1829 3140 1965 3180 reliqua,

209 3191 290 3234 ρον.)
314 3211 358 3218 -
382 3196 588 3240 cono-lerant]
615 3196 805 3236 „Concidere
828 3197 993 3228 interdum
1012 3196 1069 3226 ab-
1104 3205 1173 3226 eum
1196 3199 1358 3234 argentum
1382 3196 1446 3227 eim
1474 3196 1599 3235 partim
1623 3195 1766 3227 dolabri·
1790 3198 1966 3228 concidere-

206 3250 315 3282 solute
356 3251 478 3284 dicitnr
513 3255 585 3286 tine
619 3255 733 3286 dativo
772 3264 833 3295 pro
867 3253 1068 3293 prospicere,
1104 3258 1165 3289 tur,
1190 3269 1233 3275 —
1252 3252 1395 3292 perfiaqn't
1418 3253 1451 3283 in
1475 3252 1614 3291 Syrium.
1655 3253 1764 3284 chx.
1788 3272 1832 3278 —
1867 3259 1902 3285 ut
1931 3255 1966 3285 in

204 3307 330 3340 mederi
353 3309 486 3342 11:⁸15}ss
517 3310 604 3343 Eun.
1104 3308 1246 3349 tumultu]
1273 3318 1318 3340 se.
1342 3309 1414 3341 fleri
1437 3310 1533 3341 solet.
1569 3310 1613 3343 cf.
1638 3319 1666 3342 c.
1684 3313 1717 3344 4.
1742 3312 1782 3342 A.
1803 3313 1834 3352 1,
1851 3312 1905 3344 6⁶.
1920 3330 1963 3336 —
