2176 3672
912 275 1016 332 Cap.
1051 277 1088 318 1.

1800 275 1881 318 149

123 395 184 439 in
191 391 355 453 Qu
370 394 473 443 erat,
502 391 564 433 ita
591 390 893 450 celeberrimus
923 391 1101 447 quisque
1131 390 1302 445 ingenio
1335 389 1390 432 ad
1419 389 1682 445 prodendam
1710 389 1880 432 virtutis

125 462 369 518 Mam
383 464 657 520 εἰωᾞταῒῑὲ
684 450 759 507 aut
788 465 1018 507 ambitione
1047 464 1185 507 bonae
1214 467 1386 507 tantum
1422 463 1703 506 conscientiae
1742 464 1882 520 pretio

59 542 70 554 “
126 527 368 597 mur
397 553 449 582 ac
464 538 661 595 plerique
691 552 811 581 suam
840 539 921 594 ipsi
950 539 1082 581 vitam
1112 552 1287 581 narrare
1317 537 1516 580 fiduciam
1547 538 1689 593 potius
1718 551 1883 580 morum

159 620 226 675 Q
254 613 570 670 {adrogantiam
597 612 790 656 arbitrati
819 616 936 665 sunt3
977 626 1057 655 nee
1086 611 1130 654 id
1161 612 1322 654 Rutilio
1353 615 1397 654 et
1426 611 1586 654 Scauro
1616 612 1723 655 citra
1755 611 1884 655 fidem

147 741 194 760 -
264 709 269 721 ··
293 708 301 724 ε
320 687 521 731 eutationi
549 686 650 749 fnit:
682 686 789 730 adeo
818 687 997 730 virtutes
1016 685 1167 729 iisdem
1195 685 1456 741 temporibus
1477 686 1636 741 optime
1656 686 1883 729 aestiman-
1901 703 1916 727 ε,

207 839 301 872 ’orat
315 837 354 873 in
369 838 510 870 civitate
526 848 627 879 neque
642 838 788 870 sanctior
804 836 878 876 (cic.
889 839 977 869 deor.

130 877 219 924 13,
234 881 326 924 229),
341 883 397 915 vir
413 893 476 914 non
492 884 547 914 sui
561 883 696 923 saeculi,
715 883 773 914 sed
787 884 889 915 omnis
905 883 980 914 aevi

88 940 115 965 >¹217
130 933 150 964 ζ’
169 965 176 971 „
204 947 205 951 =
212 924 560 971 us(v011.11.13,2)‚
586 929 720 960 Panaetii
745 930 838 960 Stoici
861 930 980 959 auditor

58 981 100 1003 »τῖ’
146 1014 150 1018 η
203 974 266 1006 de
276 972 326 1006 off.
343 974 396 1005 111.
414 976 445 1009 2
467 975 532 1013 10),
555 984 634 1005 anno
652 976 693 1005 92
715 975 763 1005 vel
789 976 830 1005 93
857 985 891 1005 ex
911 975 980 1005 Asia

46 998 78 1029 ¹³⁴³
121 1020 218 1052 εσθαι
232 1021 368 1061 equitum
389 1020 490 1050 studio
512 1021 745 1060 repetundarum
769 1023 926 1052 accusatus
950 1023 980 1050 et

121 1066 270 1099 inuento
301 1067 460 1097 damnatus
491 1065 649 1104 Zmyrnam
681 1076 714 1096 se
746 1066 873 1096 contulit
896 1064 978 1103 (Tac.

122 1113 203 1143 Anu.
220 1111 269 1142 lv.
287 1110 356 1150 43),
374 1111 424 1142 ubi
441 1114 538 1141 totum
552 1111 660 1142 fitteris
676 1122 707 1142 se
724 1111 850 1142 dedidit.

166 1155 223 1194 etJ.
248 1157 328 1188 Scite
345 1160 446 1187 monet
459 1156 578 1187 Wexius
590 1157 724 1187 Tacitum
735 1157 804 1187 ideo
827 1161 858 1187 et
879 1157 980 1196 potius

124 1203 280 1243 scripsisse
298 1212 388 1242 qnam
404 1206 470 1237 aut,
488 1207 522 1232 ut
538 1202 594 1232 hos
611 1203 688 1233 duos
704 1204 794 1242 viros,
819 1203 871 1242 qui
889 1203 979 1232 etiam

124 1247 162 1279 ab
178 1247 247 1279 aliis
265 1247 460 1287 scriptoribus
473 1257 533 1278 una
543 1248 692 1278 nominari
704 1248 813 1283 solent,
827 1250 856 1277 et
864 1256 978 1277 morum

123 1293 280 1334 huncque
302 1289 501 1324 similitudine
523 1295 555 1324 et
577 1302 613 1323 eo
637 1294 721 1333 quod
743 1302 829 1323 suam
852 1296 979 1332 uterque

124 1340 214 1371 vitm
230 1339 400 1379 scripserat,
417 1339 495 1368 inter
506 1348 539 1369 se
551 1339 727 1370 coniunctos
739 1339 833 1368 artius
845 1339 979 1368 invicem

123 1385 289 1427 copularu-
329 1384 392 1415 Cic.
417 1383 500 1414 Brut.
529 1385 578 1417 10,
603 1385 662 1415 4οε
698 1394 799 1424 neque
828 1384 915 1414 enim
942 1399 974 1404 —

123 1434 250 1462 tantm
266 1428 377 1460 laudis
391 1429 429 1460 in
445 1429 582 1460 dicendo
609 1429 706 1460 Ulixi
726 1429 893 1460 tribuisset
917 1429 979 1460 Ηο-

122 1484 228 1507 σιω-ιω
248 1478 280 1506 et
295 1474 427 1506 Nestori
447 1490 496 1511 -,
513 1471 584 1506 nisi
595 1475 667 1506 iam
689 1479 755 1506 tum
779 1479 860 1506 esset
883 1475 981 1506 honos

88 1558 92 1560 Ἴ
124 1519 339 1562 eloquentiae.

169 1564 318 1603 Beatum]-
342 1565 383 1597 M.
405 1566 552 1596 Aemilius
569 1566 711 1606 Scaurus,
735 1566 840 1596 consul
858 1575 885 1597 a.
907 1567 979 1600 115,

125 1620 233 1643 censor
247 1620 275 1642 a.
294 1611 370 1651 109,
393 1611 534 1651 princeps
557 1614 679 1642 senatus
703 1612 774 1642 inde
798 1611 835 1641 ab
858 1621 885 1641 a.
906 1612 980 1651 115,

125 1657 293 1688 seimonu
305 1657 471 1697 ceter-isque
484 1657 679 1697 optimatibus
700 1658 825 1688 summis
837 1657 981 1687 laudibus

126 1705 263 1743 ornatur,
294 1711 313 1732 a
340 1702 484 1734 Sallustio
515 1703 746 1742 reprehenditur
779 1702 861 1741 (Jug.
889 1704 942 1742 15,
959 1703 980 1732 4

125 1749 217 1780 home
239 1747 377 1784 nobilis,
404 1747 556 1788 impioer,
574 1747 754 1787 factiosus,
784 1747 904 1779 avidus
921 1758 980 1787 po·

126 1793 260 1832 tentiae,
277 1793 418 1829 honoris,
436 1793 642 1833 divitiarum,
661 1798 800 1824 ceterum
815 1793 904 1824 vitia
921 1803 982 1824 sua

125 1837 250 1870 callide
270 1837 462 1877 occultans).
498 1839 558 1870 Cic.
584 1839 664 1869 Brut.
691 1840 745 1878 29,
771 1840 848 1869 112:
874 1839 983 1870 Huius

128 1880 263 1925 (sauri)
294 1899 339 1906 —
370 1889 445 1915 sunt
468 1889 532 1915 tres
555 1883 602 1914 ad
632 1884 670 1915 L.
702 1884 868 1925 Fufidium
902 1884 984 1915 libri

127 1929 246 1971 scripu·
267 1929 308 1961 de
329 1929 403 1961 vita
426 1929 542 1970 ipsius,
570 1929 655 1960 lectu
678 1939 756 1960 sane
772 1929 883 1966 utiles,
909 1939 984 1969 quos

127 1984 216 2007 mo
231 1974 323 2016 leyit.
360 1975 497 2006 Ceterum
513 1976 645 2006 Rutilius
662 1978 692 2005 et
708 1976 841 2006 Scaurus
857 1976 935 2006 inter
951 1984 984 2005 se

127 2021 241 2052 inimici
251 2023 343 2051 >erant
358 2017 450 2060 (quae
466 2021 626 2051 aemulatio
642 2021 744 2051 nescio
766 2031 805 2051 an
821 2021 908 2051 alteri
925 2020 983 2050 utri

128 2067 220 2098 vitam
236 2075 321 2097 suam
335 2066 409 2096 item
424 2066 575 2096 scribendi
587 2075 677 2096 causa
692 2064 812 2105 fuerit);
830 2075 900 2096 nam
916 2075 986 2096 cum

129 2121 157 2144 a.
188 2108 266 2152 116)
295 2121 364 2142 una
393 2110 593 2142 consulatum
618 2111 805 2150 petiissent,
837 2121 903 2142 non
925 2110 986 2141 ille

129 2157 240 2196 solum,
267 2157 326 2197 qui
346 2156 509 2197 repulsam
531 2156 663 2195 tulerat,
693 2157 862 2188 accusavit
886 2155 986 2186 ambi-

131 2206 183 2234 tu
193 2201 399 2241 decimatum
410 2202 657 2241 competitorem,
671 2201 729 2233 sed
734 2203 877 2232 Scaurus
889 2202 988 2232 etiam

129 2246 293 2279 absolutus
316 2246 480 2278 Rutilium
503 2247 540 2277 in
563 2246 726 2278 iudicium
747 2248 886 2278 vocavit.
925 2247 985 2277 Cic.

133 2294 218 2325 Brut.
235 2294 289 2331 8⁰,
308 2293 382 2323 11⁸.
398 2292 438 2324 cf.
455 2291 524 2323 Tac.
540 2292 619 2322 Ann.
636 2292 688 2324 111.
707 2294 759 2323 66.

175 2338 263 2370 eim
278 2336 393 2378 fidem]
419 2341 474 2378 est,
499 2338 581 2377 quod
605 2338 644 2368 ad
668 2347 731 2368 eam
755 2347 817 2368 non
840 2338 987 2378 pervenit,

131 2383 170 2415 ab
193 2393 229 2415 ea
250 2386 398 2414 remotum
422 2383 508 2423 qnasi
532 2384 679 2414 consistit.
717 2384 788 2413 Post
809 2384 988 2423 Augustum,

133 2429 260 2460 maxime
286 2429 367 2469 apud
396 2427 614 2466 Quintilianum
637 2433 667 2459 et
689 2429 819 2459 Plinium
847 2430 989 2460 maiorem

132 2474 220 2506 eitra
235 2475 428 2515 exquisitiore
443 2484 502 2505 usu
517 2474 640 2514 ponitur
654 2484 709 2514 pro
725 2474 807 2506 sine.

176 2524 237 2551 aut
251 2518 494 2557 obtrectationi]
520 2523 550 2550 et
573 2520 663 2550 latius
685 2523 769 2559 patet
794 2529 884 2560 quam
906 2520 990 2560 quod

134 2565 298 2606 praecedit,
327 2565 414 2597 eitra
434 2564 547 2605 fidem,
577 2568 608 2595 et
635 2566 779 2596 minorem
807 2565 899 2596 habet
918 2566 989 2595 vim.

134 2611 215 2642 Haec
230 2611 311 2642 enim
326 2612 374 2641 est
385 2611 548 2641 sententia:
566 2610 694 2641 Tantum
705 2610 791 2652 afuit,
808 2614 842 2641 ut
853 2611 990 2641 homines

135 2657 179 2687 eis
194 2657 285 2687 fldem
307 2656 501 2697 denegarent,
525 2658 560 2686 ut
582 2665 620 2686 ne
643 2657 676 2686 id
699 2657 822 2696 quidem
845 2657 989 2695 dicerent,

136 2701 292 2733 honestius
309 2710 361 2732 eos
376 2701 508 2732 facturos
523 2700 629 2737 fuisse,
653 2702 679 2732 si
704 2702 795 2732 vitam
820 2711 905 2732 suam
929 2711 989 2731 nou

135 2747 195 2788 ipsi
207 2747 409 2787 scripsissent,
422 2746 476 2777 sed
495 2746 561 2777 aliis
573 2746 762 2777 scribendam
776 2748 989 2786 permisissent.

179 2791 273 2830 adeo]
290 2801 317 2822 e.
336 2802 367 2832 q.
384 2801 409 2825 s.
440 2792 520 2822 Haec
536 2795 582 2822 est
605 2793 746 2832 primaria
768 2792 859 2823 huius
884 2793 991 2831 capitis

136 2838 292 2873 sententia,
311 2847 347 2868 ex
366 2837 419 2873 eis,
437 2846 514 2877 quae
532 2838 727 2879 praecedunt,
744 2838 857 2868 effecta.
889 2838 935 2868 ct.
954 2838 990 2868 Η.

137 2882 190 2915 111.
208 2884 247 2914 51
275 2887 365 2914 tanto
387 2882 499 2914 amim-
522 2882 613 2922 apud
634 2883 773 2914 maiores
796 2884 881 2914 sicut
904 2884 991 2914 vir—

137 2927 220 2960 “uti
226 2928 295 2960 bus
310 2927 422 2968 glori
427 2938 466 2966 a,
485 2928 535 2959 ita
541 2928 693 2968 flaqitiis
698 2928 907 2968 paenitentia
905 2927 990 2967 fuit.

181 2970 423 3012 aestimantur}
448 2973 485 3004 Η.
504 2973 527 3003 1.
549 2974 588 3004 16
613 2983 670 3005 nos
686 2973 768 3004 bello
791 2979 821 3005 et
836 2973 877 3003 ab
894 2974 992 3004 aesti-

139 3018 299 3050 mantibus
317 3015 363 3057 (id
379 3021 444 3049 est:
466 3018 503 3049 ab
519 3018 568 3058 iis,
586 3019 648 3059 qui,
666 3019 771 3059 quanti
788 3020 882 3049 simus
900 3028 992 3058 quan-

141 3062 262 3104 tumque
295 3064 456 3103 valeamus,
485 3061 677 3103 intellegunt)
702 3063 825 3095 adsciti
849 3064 918 3095 cum
942 3064 993 3094 in-

142 3106 235 3139 effla
259 3108 405 3150 quamvis
435 3109 562 3148 eqreyii
585 3109 714 3140 erimus.
747 3109 784 3139 11.
802 3111 843 3139 23
869 3118 992 3148 suspee-

143 3154 209 3182 ΝΙΙ
229 3152 268 3185 ia
290 3153 487 3185 Othonianis
509 3153 586 3193 fuit
608 3154 748 3185 omnium
764 3154 880 3186 ducum
894 3153 994 3193 faeta

142 3204 241 3235 praee
266 3199 521 3231 aestimantibus.
561 3199 614 3230 111.
638 3200 678 3229 52
701 3203 738 3230 ut
765 3209 828 3230 non
850 3209 913 3238 pro
940 3208 994 3238 spe

146 3238 284 3275 Antonii
303 3242 444 3276 concilia
458 3239 618 3284 factaque
642 3244 713 3275 eius
735 3244 993 3276 aestimarentur.

148 3285 226 3318 Διιιι.
241 3286 320 3319 1111.
338 3290 389 3320 17.
414 3289 478 3320 xV.
497 3291 528 3320 2.

190 3330 306 3372 quibu
310 3332 482 3372 facillime
492 3332 696 3373 vimnturJ,
711 3335 731 3365 1.
745 3343 772 3364 e.
785 3334 896 3373 quibus
909 3343 995 3372 agere

146 3375 235 3415 digua
250 3382 413 3409 momentu
428 3388 557 3418 pronum
575 3379 728 3418 mgisque
743 3379 774 3409 in
789 3383 892 3418 aperto
910 3383 964 3408 est.

1070 835 1180 874 nuncJ,
1198 836 1246 867 his
1261 836 1456 876 temporibus,
1474 846 1552 877 quae
1564 838 1682 868 tantum
1698 839 1886 869 recesserunt

1025 893 1043 912 a
1058 883 1191 922 priorum
1206 885 1376 922 temporum
1393 882 1600 913 similitudine.

1071 927 1233 967 defuncti]
1251 928 1380 958 breviter
1401 928 1514 958 dictum
1536 937 1610 967 pro:
1635 932 1667 959 et
1688 927 1829 960 alterius
1854 934 1885 959 et

1026 973 1184 1013 defuncti.
1210 973 1273 1003 Hoc
1290 974 1367 1003 enim
1382 973 1466 1013 dicit,
1483 982 1515 1003 se
1528 976 1558 1003 et
1570 973 1652 1013 quod
1670 973 1803 1010 alterius,
1820 983 1885 1004 non

1027 1029 1122 1055 suam,
1139 1022 1169 1048 et
1184 1019 1329 1055 defuncti,
1348 1017 1453 1058 (quem
1475 1027 1559 1049 mors
1580 1018 1654 1049 odio
1674 1024 1733 1050 aut
1756 1020 1885 1058 gratiae

1026 1063 1180 1095 exemisse
1192 1065 1326 1103 putanda
1341 1068 1398 1094 est.
1422 1065 1500 1094 Anu.
1521 1063 1571 1094 lV.
1590 1060 1647 1104 35)
1673 1074 1735 1094 non
1750 1065 1812 1095 vivi
1827 1065 1882 1095 ho-

1026 1110 1114 1140 minis
1131 1110 1222 1139 vitam
1245 1112 1417 1139 narraturus
1441 1110 1490 1150 sit,
1515 1110 1604 1140 etiam
1629 1110 1795 1148 digniorem
1818 1120 1884 1141 esse

1027 1157 1113 1185 venia
1129 1155 1194 1195 illa,
1211 1165 1302 1194 quam
1317 1155 1376 1185 iam
1393 1155 1543 1194 petiturus
1559 1158 1615 1185 est.

1071 1199 1196 1238 veniaJ.
1238 1201 1333 1239 Adeo,
1365 1201 1474 1240 inquit,
1507 1203 1620 1230 mutata
1650 1202 1722 1231 sunt
1751 1204 1887 1241 tempora

1028 1247 1163 1285 pristina,
1180 1246 1291 1285 quibus
1306 1246 1354 1276 vel
1379 1240 1635 1286 αὐτοβιογρὰφοι
1651 1247 1739 1276 venia
1754 1249 1784 1277 et
1799 1256 1886 1277 excu-

1028 1292 1143 1322 satione
1160 1292 1236 1322 adeo
1259 1301 1319 1321 non
1342 1291 1478 1331 egebant,
1502 1295 1537 1322 nt
1557 1301 1645 1322 nemo
1670 1301 1760 1322 curae
1783 1301 1886 1323 eorum

1027 1337 1118 1367 fidem
1151 1337 1310 1375 denegaret
1339 1340 1391 1367 aut
1421 1338 1496 1376 ipsis
1520 1337 1714 1374 obtrectaret3
1746 1347 1826 1368 nunc
1859 1339 1884 1368 si

1027 1383 1217 1421 agnoscimus
1233 1383 1339 1413 merita
1354 1384 1487 1413 virorum
1502 1392 1678 1421 magnorum
1694 1386 1784 1423 atque
1801 1385 1886 1414 inno—

1028 1429 1169 1464 centium,
1186 1428 1434 1468 reprehendimur
1455 1428 1493 1458 ab
1508 1429 1622 1468 iniquis
1641 1429 1784 1459 virtutum
1801 1430 1888 1460 aesti-

1028 1473 1202 1515 matoribus,
1221 1474 1326 1514 quales
1342 1483 1413 1504 sane
1430 1474 1586 1504 exstabant
1610 1475 1700 1505 etiam
1715 1475 1772 1505 sub
1789 1475 1887 1505 Nerva

1028 1529 1062 1550 ac
1079 1520 1216 1550 Traiano.
1247 1520 1353 1559 ltaque
1369 1529 1464 1559 paene
1486 1520 1677 1550 excusatione
1700 1520 1787 1550 nobis
1812 1530 1888 1560 opus

1028 1568 1082 1600 est,
1101 1566 1243 1605 quoniam
1259 1565 1334 1596 haec
1357 1568 1439 1595 aetas
1462 1575 1525 1595 non
1549 1575 1584 1595 ea
1607 1568 1662 1600 est,
1687 1575 1765 1606 quae
1788 1567 1888 1604 magni

1028 1611 1154 1641 alicuius
1170 1611 1236 1647 viri,
1262 1621 1300 1641 ne
1317 1610 1451 1641 defuncti
1467 1611 1601 1651 quidem,
1628 1611 1734 1642 laudes
1757 1612 1888 1642 libenter

1029 1657 1142 1687 audiat.

1064 1701 1168 1741 suitJ.
1194 1701 1360 1732 Perfectum
1378 1702 1568 1732 referendum
1583 1705 1629 1732 est
1651 1702 1691 1732 ad
1706 1703 1739 1732 id
1754 1705 1886 1742 tempus,

1029 1757 1089 1787 quo
1105 1748 1196 1778 huius
1220 1743 1289 1778 libri
1313 1747 1462 1778 scribendi
1487 1748 1647 1778 consilium
1671 1749 1750 1787 cepit
1766 1749 1888 1779 Tacitus

1029 1797 1059 1823 et
1074 1793 1149 1833 quid
1172 1793 1324 1830 scriberet,
1358 1793 1566 1824 meditabatur.
1593 1796 1670 1824 Aun.
1703 1794 1757 1824 IV.
1782 1795 1800 1824 5
1833 1793 1890 1825 sed

1023 1839 1182 1878 persequi
1206 1839 1364 1870 incertum
1382 1838 1472 1878 fuit,
1497 1846 1572 1869 cum
1593 1849 1633 1869 ex
1655 1848 1716 1870 usu
1740 1840 1895 1879 temporis

1030 1885 1091 1914 huc
1116 1884 1200 1914 illuc
1223 1889 1379 1915 mearent.

1076 1928 1310 1970 incusaturusJ,
1327 1930 1347 1960 i.
1362 1939 1388 1960 e.
1402 1931 1426 1960 si
1439 1931 1630 1960 incusatums
1641 1939 1748 1961 essem.
1765 1931 1803 1962 A.
1813 1931 1888 1961 XIV.

1033 1976 1091 2005 54:
1119 1974 1272 2014 quomodo
1296 1975 1334 2006 in
1349 1975 1474 2006 militia
1497 1980 1556 2006 aut
1581 1976 1639 2006 via
1651 1975 1767 2015 sessus
1790 1976 1894 2007 admi-

1032 2019 1177 2051 niculum
1197 2029 1332 2058 orarem,
1366 2021 1418 2051 ita
1437 2021 1476 2051 in
1499 2021 1558 2051 hoc
1585 2021 1704 2052 itinere
1729 2021 1829 2058 vitae,
1850 2037 1896 2043 —

1033 2075 1103 2096 cum
1118 2074 1192 2105 opes
1203 2074 1290 2096 meas
1305 2065 1394 2096 ultra
1406 2067 1565 2097 sustinere
1579 2067 1781 2106 nonpossim,
1794 2077 1894 2107 prae-

1033 2110 1156 2141 sidium
1167 2115 1255 2150 pete.
1285 2110 1502 2142 Incusaturus
1524 2112 1580 2141 etsi
1605 2111 1742 2142 absolute
1764 2113 1895 2151 positum

1033 2159 1088 2191 est,
1107 2159 1206 2186 tamen
1222 2155 1386 2186 Domitiani
1402 2157 1556 2187 saeculum
1571 2166 1626 2196 pro
1644 2157 1761 2188 obiecto
1776 2158 1894 2188 intelle-

1034 2201 1174 2240 gendum.
1208 2201 1312 2241 Itaque
1335 2202 1394 2232 hoc
1418 2203 1509 2232 dicit:
1547 2203 1574 2232 si
1596 2203 1629 2232 in
1652 2203 1895 2234 Domitianomm

1033 2250 1203 2286 temporum
1225 2247 1379 2277 saevitiam
1399 2248 1571 2278 invecturus
1594 2256 1700 2285 essem,
1724 2248 1782 2279 hoo
1804 2249 1895 2279 lecto-

1036 2302 1102 2323 rum
1118 2293 1209 2330 vulgo
1234 2293 1396 2323 admodum
1418 2293 1562 2334 placeret,
1586 2302 1685 2333 neque
1710 2294 1799 2324 venia
1822 2295 1896 2325 mihi

1035 2347 1112 2378 opus
1127 2337 1244 2368 fuisset.
1275 2339 1350 2369 Nam
1372 2335 1575 2370 ambitionem
1595 2339 1769 2381 scriptoris
1787 2335 1896 2380 facile

1034 2383 1213 2422 averseris,
1257 2384 1513 2415 obtrectatio
1544 2388 1581 2414 et
1612 2383 1725 2415 livor
1752 2382 1897 2427 pronis

1035 2429 1208 2460 auribus
1230 2429 1508 2468 accipiuntur
1521 2440 1532 2460 .-
1564 2429 1683 2469 quippe
1707 2429 1896 2461 adulationi

1027 2473 1168 2514 foedum
1200 2475 1322 2505 crimen
1352 2475 1534 2512 servitutis,
1565 2470 1774 2514 malignitati
1797 2475 1895 2515 falsa

1037 2519 1159 2558 species
1174 2519 1340 2550 libertatis
1356 2519 1443 2551 inest
1459 2518 1512 2556 (H.
1537 2520 1559 2550 1.
1582 2517 1625 2560 1).

1089 2563 1190 2602 TamJ.
1207 2565 1289 2595 idem
1305 2565 1388 2604 quod
1404 2564 1493 2602 adeo,
1518 2565 1601 2605 quod
1625 2566 1727 2606 paullo
1750 2569 1822 2596 ante
1853 2566 1895 2596 le—

1038 2619 1146 2648 gunus,

1084 2654 1250 2694 temporaJ,
1267 2656 1288 2686 i.
1298 2665 1323 2686 e.
1338 2656 1411 2686 haec
1422 2659 1567 2695 tempora,
1580 2657 1724 2695 pravitate
1739 2655 1896 2687 hominnm

1037 2710 1054 2730 a
1071 2701 1281 2738 cognoscenda
1304 2702 1447 2740 praeclari
1470 2702 1525 2731 viri
1543 2702 1654 2731 virtute
1671 2701 1895 2732 abhorrentium

1037 2746 1196 2776 virtutibus
1216 2746 1333 2781 infesta,
1352 2749 1381 2776 et
1400 2746 1438 2776 ad
1450 2746 1660 2785 accusandum,
1678 2755 1768 2785 quam
1780 2747 1819 2777 ad
1833 2747 1895 2777 lau-

1038 2791 1170 2821 dandum
1185 2793 1334 2830 proniora.
1352 2792 1413 2821 Nec
1425 2794 1572 2830 repugnat
1583 2792 1664 2830 quod
1679 2800 1704 2821 c.
1721 2793 1738 2821 3
1752 2792 1793 2822 in.
1807 2801 1894 2822 sunm

1038 2835 1201 2866 saeculum
1217 2836 1438 2867 beatissimum
1461 2837 1552 2873 dicit;
1576 2837 1607 2866 id
1629 2837 1707 2866 enim
1731 2837 1897 2867 debebatur

1040 2882 1155 2911 Nervae
1175 2884 1205 2911 et
1220 2881 1337 2911 Traiani
1362 2882 1573 2920 imperatorum
1590 2881 1734 2912 beneflcio
1758 2891 1812 2912 uec
1826 2883 1896 2913 ideo

1040 2927 1139 2956 statim
1166 2929 1278 2957 mutata
1301 2930 1373 2957 sunt
1396 2926 1551 2956 homiuum
1576 2927 1704 2964 ingenia.
1731 2942 1758 2948 -
1791 2928 1896 2967 Itaque

1040 2972 1159 3002 Tacitus
1187 2971 1243 3002 sibi
1271 2972 1302 3002 in
1331 2971 1387 3001 hoc
1410 2971 1487 3001 libro
1511 2971 1668 3002 scribendo
1698 2972 1728 3002 id
1760 2974 1897 3013 proposi-

1040 3020 1103 3046 tum
1120 3016 1214 3046 fuisse
1230 3020 1329 3056 negat,
1347 3021 1380 3047 ut
1403 3017 1561 3047 incusaret.
1598 3017 1710 3047 Tamen
1733 3021 1764 3048 et
1785 3019 1818 3048 in
1840 3019 1897 3049 hoc

1040 3062 1194 3101 prooemio
1212 3064 1242 3091 et
1258 3062 1289 3092 in
1305 3065 1437 3092 extrema
1453 3061 1543 3092 huius
1560 3061 1628 3092 libri
1645 3066 1729 3101 parte
1746 3063 1777 3094 in
1794 3064 1896 3094 Domi-

1040 3108 1153 3136 tianum
1170 3106 1430 3137 vehementissime
1446 3106 1609 3138 invehitur.
1635 3110 1673 3138 At
1690 3109 1820 3147 primum
1836 3119 1896 3139 non

1041 3153 1097 3182 hoc
1114 3152 1141 3181 ei
1160 3153 1347 3191 propositum
1370 3151 1438 3189 tuit,
1463 3155 1497 3182 ut
1512 3152 1717 3183 Domitianum
1741 3154 1798 3185 hoc
1819 3154 1896 3184 libro

1041 3198 1201 3233 incusaret,
1219 3197 1272 3227 sed
1295 3201 1329 3227 ut
1343 3197 1499 3235 Agricolae
1515 3197 1635 3228 laudem
1651 3199 1811 3229 memoriae
1827 3208 1895 3239 pro·

1042 3243 1136 3280 deret,
1160 3242 1280 3281 deinde,
1308 3242 1339 3272 id
1356 3242 1438 3282 quud
1459 3242 1519 3273 im
1534 3251 1626 3282 supra
1651 3244 1894 3282 significavimus,

1042 3287 1190 3318 obiectum
1207 3287 1290 3317 verbi
1313 3287 1521 3319 incusatum
1543 3297 1604 3318 non
1619 3287 1811 3320 Domitianus
1831 3291 1896 3329 ipse

1040 3332 1260 3370 intellegendus
1276 3335 1332 3370 est,
1339 3332 1393 3362 sed
1404 3333 1533 3363 ministri
1542 3333 1682 3363 saevitiae
1694 3335 1768 3369 elus,
1786 3335 1895 3374 quibus

1016 3406 1019 3413 Δ
1042 3381 1109 3416 post
1138 3381 1263 3407 mortem
1291 3378 1408 3416 tyranni
1437 3387 1533 3416 poena
1562 3378 1781 3409 intendebatur.
1820 3379 1894 3410 Pliu.

1628 3429 1694 3465 10*
