2176 3672
858 265 960 320 Cap.
993 267 1062 310 39.
1095 266 1163 309 40.
1823 263 1905 307 211

146 387 194 430 οἱ·
215 384 343 442 Syria.
369 382 563 437 dabatur,
592 380 739 423 tulisse
769 393 866 422 cum
895 384 1126 436 praecepto
1157 383 1217 434 ut,
1257 380 1293 421 si
1321 379 1366 421 in
1397 377 1620 421 Britannia
1657 377 1783 430 foret,
1822 381 1908 421 tra-

147 460 371 514 dfflssfflj'i
387 452 813 512 veumqaewlibertum
842 455 885 497 in
915 455 1007 511 ipso
1037 455 1148 497 freto
1181 452 1342 496 Oceani
1375 453 1548 496 obvium
1577 452 1822 508 Agricolae,
1852 466 1907 495 ne

188 517 360 589 2:1⁷¹to
390 529 562 586 quidem
591 542 643 571 eo
672 528 728 571 ad
758 529 1049 571 Domitianum
1078 541 1304 578 remeasse,
1335 527 1427 570 sive
1465 540 1616 570 verum
1653 526 1779 582 istud,
1818 527 1908 570 sive

186 651 191 655 ,
260 605 404 657 ’θηὶο
431 603 633 660 principis
661 602 807 646 fictum
836 616 885 645 ac
906 603 1187 658 compositum
1218 605 1293 644 est.
1338 601 1574 644 tradiderat
1593 601 1764 644 interim
1782 599 1909 658 Agri-

214 693 243 723 a-
268 677 501 723 successori
529 690 606 719 suo
636 677 899 732 provinciam
929 677 1116 733 quietam
1146 681 1380 731 tutamque.
1415 663 1476 718 ‘ac
1495 689 1550 718 ne
1570 674 1768 718 notabilis
1798 673 1908 716 cele·
1927 691 1942 715 ε

54 739 302 814 britate
329 755 376 795 et
400 749 642 807 frequentia
662 752 974 794 occurrentium
993 751 1188 794 introitus
1210 754 1335 804 esset,
1365 750 1497 792 vitato
1519 749 1751 791 amicorum
1770 747 1909 791 officio

106 813 111 828 Ξ
129 826 325 882 ,noetuin
334 825 500 881 urbem,
511 829 640 868 noctu
655 825 699 868 in
707 825 932 876 Palatium,
942 826 1002 867 ita
1010 828 1341 880 utpraeceptum
1352 830 1453 878 erat,
1464 823 1601 876 venit3
1619 826 1910 878 exceptusque

111 959 114 960 ⁷
146 899 269 944 brevi
281 900 427 944 osculo
442 903 486 943 et
500 900 618 943 nullo
634 913 828 942 sermone
844 899 993 942 turbae
1010 899 1286 942 servientium
1302 898 1520 941 immixtus
1536 900 1611 940 est.
1634 896 1838 940 Ceterum
1848 896 1912 938 uti

87 1006 89 1008 -
149 969 334 1019 militare
362 981 531 1027 nomen,
570 988 704 1031 grave
740 975 851 1016 inter
891 973 1058 1027 otiosos,
1094 973 1186 1015 aliis
1225 972 1452 1015 virtutibus
1487 974 1760 1027 temperaret,
1797 974 1912 1013 tran-

146 1048 401 1106 qualitatem
428 1053 557 1105 atque
587 1049 720 1091 otium
749 1048 918 1104 penitus
947 1047 1099 1097 hausit,
1139 1047 1256 1089 cultu
1285 1046 1488 1099 modicus,
1528 1057 1723 1088 sermone
1760 1043 1946 1098 facilis,10

148 1249 198 1277 tos
229 1247 278 1285 agi
305 1246 462 1277 solitorum
489 1248 604 1286 partem
639 1254 658 1275 a
689 1245 811 1275 Vitellio
845 1245 942 1284 primo
979 1244 1010 1274 in

150 1291 269 1332 equites
285 1291 438 1323 Romanos
455 1291 632 1331 dispositam
650 1299 715 1321 esse
731 1290 850 1321 Tacitus
866 1289 957 1320 refert
970 1289 1008 1320 Η.

196 1381 364 1420 debatur]
402 1381 580 1421 Imperfecto
604 1381 699 1411 utitur
719 1381 758 1411 ad
782 1380 1010 1419 significandam

151 1436 225 1464 rem,
243 1436 322 1468 quae
336 1436 375 1458 ne
390 1429 497 1466 postea
512 1426 634 1466 quidem
650 1426 784 1466 perfecta
800 1429 857 1456 est.

187 1470 307 1513 foretJ.
334 1472 400 1503 Hoc
411 1472 501 1512 plane
512 1472 594 1502 idem
606 1480 671 1502 esse
687 1474 779 1511 atque
791 1476 882 1509 esset,
899 1471 1011 1510 optime

149 1517 259 1550 docent
266 1517 327 1549 loci
337 1517 443 1558 quales
455 1520 527 1548 suut
539 1517 577 1548 H.
590 1517 642 1548 IV.
658 1518 698 1548 86
713 1516 897 1548 traditurus
905 1516 1008 1556 foret.

150 1564 230 1594 Anu.
247 1561 285 1594 11.
304 1563 346 1594 30
363 1562 538 1594 habiturus
554 1561 657 1602 foret.
675 1578 720 1584 —
735 1562 799 1593 Etsi
815 1563 875 1593 iam
891 1571 1009 1592 revoca-

149 1608 407 1648 veratAgricolam
417 1605 516 1648 (quod
531 1609 631 1648 ipsum
648 1608 758 1638 referre
771 1608 889 1638 Tacitus
905 1617 1009 1647 super-

151 1651 256 1693 sedit),
272 1657 374 1685 tamen
389 1654 589 1690 Domitianus,
606 1656 641 1684 ut
657 1656 721 1684 erat
736 1654 1008 1693 suspicacissimus,

152 1699 318 1739 metuebat,
344 1703 381 1730 ut
395 1699 534 1738 Agricola.
548 1700 631 1730 iusso
648 1699 885 1739 obtemperaret,
908 1709 1010 1738 quam-

150 1745 256 1776 obrem
269 1754 348 1781 eum,
365 1746 391 1776 si
403 1746 493 1776 etiam
509 1748 582 1776 tune
598 1745 630 1775 in
644 1745 797 1775 Britannia
809 1748 897 1780 esset,
912 1745 1012 1774 oblata

153 1789 240 1831 syrin
255 1791 411 1831 provincia
425 1791 532 1821 elicere
549 1791 752 1821 constituerat.

197 1845 331 1876 eumque
360 1834 539 1873 libertem]-
579 1836 644 1866 Hoc
667 1837 813 1875 repetitur
836 1835 875 1866 ad
899 1844 1008 1874 augen-

35 1880 59 1921 ’ξ’
150 1881 219 1913 dam
237 1882 380 1913 emtionis
396 1878 650 1922 perspicuitatem.
675 1881 722 1912 Cf.
735 1881 805 1912 Joh.
818 1881 944 1911 Mueller
960 1881 977 1911 Ι.
988 1881 1009 1912 1.

32 1968 41 1974 ²
56 1961 63 1974 Γ
78 1967 83 1970 “
195 1972 233 2004 in
247 1971 347 2014 ἐρατῇ,
364 1975 397 2003 ut
412 1972 450 2003 in
465 1971 542 2012 ipsa
559 1971 741 2003 Britannia
757 1982 784 2004 c.
803 1974 858 2003 23.

196 2017 284 2050 freto
300 2013 450 2059 Oceani]‚
466 2017 543 2048 freto
560 2017 685 2048 Gallico.

195 2063 266 2095 eive
281 2078 323 2084 —
340 2061 435 2100 siveJ.
474 2063 636 2093 Adduntur
657 2062 732 2093 haec
757 2073 818 2093 non
841 2064 884 2094 rei
900 2063 1007 2104 ipsius,

152 2117 243 2149 quam
274 2108 364 2139 modo
393 2108 518 2147 rettulit,
550 2109 723 2147 narrationi,
754 2109 808 2139 aed
836 2109 1011 2148 sententiae,

153 2161 233 2194 quae
244 2153 416 2194 supplenda
430 2156 485 2189 est,
498 2153 567 2183 tali:
586 2153 671 2193 quod
682 2153 829 2194 equidem
841 2153 1011 2193 tacendam

151 2208 218 2230 non
228 2208 303 2230 ene
314 2198 443 2238 putavi.
477 2198 623 2230 Similiter
639 2208 663 2229 c.
682 2199 725 2229 43
742 2199 811 2230 sice
827 2209 907 2231 cura
925 2198 1013 2230 illud

153 2243 222 2275 sive
239 2243 416 2284 inquisitio
432 2248 513 2276 erat.

160 2302 163 2305 ⁴
197 2287 395 2327 tradiderat]
422 2298 491 2320 cum
508 2290 652 2328 gravitate
668 2291 701 2320 in
723 2290 811 2320 initio
827 2290 960 2330 ponitur,
978 2292 1012 2320 ut

153 2335 336 2375 significetur
347 2334 380 2365 id
395 2344 428 2365 re
438 2344 508 2365 vera
522 2335 582 2365 iam
598 2345 663 2366 esse
676 2335 799 2371 factum,
817 2336 899 2375 quod
911 2338 1011 2366 utrum

65 2414 67 2416 a
153 2381 266 2412 factum
289 2382 370 2411 esset
391 2388 487 2410 necue
510 2381 651 2420 princeps
676 2381 841 2411 dubitabat.
889 2381 1010 2412 Factum

39 2438 47 2448 ³
65 2435 69 2442 ¹
125 2442 128 2446 -
155 2426 305 2458 autemid
321 2428 368 2457 est
383 2434 452 2456 vere
467 2434 497 2456 a.
515 2435 547 2465 p.
566 2426 639 2458 Chr.
657 2427 711 2457 85.

3 2477 66 2511 35³¹
172 2497 177 2500 .
197 2470 376 2505 necmori
391 2470 474 2508 eaoJ.
513 2471 543 2501 Is
559 2472 627 2511 quis
649 2471 748 2509 fuerit,
767 2472 928 2509 nescimus,
952 2471 1010 2502 nisi

12 2515 42 2536 5³2
85 2534 91 2539 -
154 2517 238 2558 quod
272 2517 357 2549 Suet.
389 2516 478 2548 Dom.
517 2517 557 2547 10
590 2520 802 2548 commemorat
834 2517 1011 2548 Sallustium

13 2563 49 2601 ἶ
153 2562 311 2595 Lucullum
327 2562 498 2593 Britanniae
527 2562 659 2601 legatum
690 2572 708 2593 a
723 2562 897 2593 Domitiano
919 2563 1010 2593 inter-

11 2601 17 2611 ‘
35 2627 39 2632 =
84 2631 88 2635 <
152 2610 284 2648 emptum
297 2616 373 2644 esee,
399 2607 483 2647 quod
494 2607 614 2639 lanceas
626 2617 722 2639 novae
733 2608 847 2638 formae
865 2608 1010 2648 appellari

154 2653 314 2685 Luculleas
331 2662 439 2694 passus
456 2656 545 2684 esset.

200 2693 466 2740 ocem-rentium]⁸
513 2698 628 2729 Pendet
650 2699 700 2729 hic
723 2699 880 2738 genetivus
904 2708 922 2729 a
939 2698 1009 2739 sre-

157 2743 298 2784 quentia,
317 2753 378 2775 non
393 2745 466 2774 item
481 2752 500 2774 a
514 2743 715 2775 celebritate.

0 2823 17 2831 ,
58 2769 94 2837 Ξ
135 2797 142 2803 ·
198 2787 314 2828 vium]
332 2799 358 2820 e.
376 2798 405 2829 q.
423 2798 447 2820 s.
461 2789 500 2820 H.
513 2789 537 2820 l.
552 2790 592 2820 81
610 2789 718 2820 vitata
734 2789 883 2821 comitum
899 2794 931 2820 et
947 2799 1009 2820 ser-

14 2850 16 2855 *
33 2850 47 2883 ·
59 2830 103 2870 2*
154 2833 475 2888 mnsrequentia.
492 2834 530 2865 11.
549 2835 591 2866 ⁶4
607 2835 716 2892 vitata
731 2834 920 2866 Flaminiae
936 2834 1010 2865 viae

171 2920 523 3011 *mittiteceeqloetgtim
539 2970 635 3008 eratJ.
678 2971 758 3002 Haec
774 2971 915 3002 videntur
937 2970 1009 3001 refe-

161 3013 251 3089 hl*
213 3023 331 3093 &1:2⁰
324 3017 554 3092 mtzntummodo
571 3017 610 3047 ad
626 3018 761 3056 proxima
783 3016 890 3048 verba:
918 3020 1010 3047 noctu

206 3106 438 3147 mque}
470 3108 548 3139 Anu.
565 3107 603 3138 11.
621 3109 664 3138 42
682 3107 719 3138 in
734 3107 843 3138 urbem
854 3110 1010 3146 properat

380 3151 501 3184 immiti
515 3163 537 3184 a
557 3152 711 3193 principe
727 3162 754 3185 e.
769 3162 799 3192 q.
817 3162 842 3183 s.
859 3152 895 3182 Η.
914 3152 937 3182 1.
955 3152 1008 3182 43.

0 3251 8 3279 ὲ(
162 3190 294 3270 „25:⁶⁸
308 3240 439 3280 amiel.
470 3243 550 3275 Anu.
566 3243 646 3274 xm.
668 3243 706 3274 18
719 3247 794 3283 poet
810 3242 904 3273 breve
919 3251 1009 3274 oscu-

161 3280 229 3314 zm
251 3282 445 3324 dior-eatena.
490 3288 529 3320 a.
554 3289 592 3319 11.
618 3289 659 3320 69
685 3289 724 3319 de
747 3287 886 3318 Vitellio:
920 3286 1010 3318 brevi

0 3326 15 3343 ‘⁷
160 3326 276 3360 auditu
292 3331 436 3370 qums-vie
448 3342 565 3374 magna
581 3333 755 3365 transibat.

0 3348 19 3408 ἒ
206 3371 370 3407 meam
395 3375 465 3416 eet).
509 3379 587 3410 Vere
614 3379 763 3418 passivam
791 3377 915 3408 formam
944 3385 1009 3407 esse

227 3435 345 3467 'tumn
361 3437 399 3470 Π.

283 1133 314 1165 1.
331 1131 381 1164 eis
392 1132 426 1163 B.
446 1147 483 1152 —
498 1131 716 1162 Britanniam
726 1131 750 1161 A
760 1131 783 1161 B
793 1131 903 1181 hunde
917 1128 1101 1160 Britannia
1115 1127 1215 1159 etiam
1226 1129 1386 1167 legendum
1403 1137 1470 1158 esse
1486 1127 1596 1158 conicit
1610 1127 1708 1157 Halm.
1720 1141 1762 1147 —
1777 1126 1807 1157 7.
1814 1135 1911 1166 prae-

147 1192 300 1230 temptata
316 1189 350 1220 B.
370 1204 409 1210 ——
429 1189 461 1219 8.
477 1188 590 1219 turbae
607 1188 718 1220 om.-B.
734 1203 780 1209 —-
795 1187 927 1218 imistus
944 1187 977 1218 B.
994 1202 1038 1209 —
1056 1188 1108 1217 10.
1125 1186 1239 1217 hausit
1256 1185 1348 1215 Wex:
1366 1185 1463 1215 auxit
1479 1186 1506 1214 A
1521 1185 1558 1216 B.

1058 1243 1198 1281 cognovit
1221 1243 1361 1282 Peterus,
1393 1242 1446 1282 qui
1469 1244 1551 1272 recte
1573 1242 1616 1272 ita
1639 1241 1785 1281 explicat:
1827 1240 1911 1270 ‘Cum

1056 1288 1141 1318 brevi
1157 1288 1260 1318 osculo
1278 1290 1308 1318 et
1324 1288 1408 1318 nullo
1425 1296 1562 1317 sermone
1579 1289 1721 1328 exceptus
1741 1289 1795 1323 est,
1818 1295 1836 1316 a
1850 1286 1911 1316 Do·
1963 1304 1969 1311 -

1057 1334 1179 1364 mitiano
1197 1333 1396 1364 servientibus
1411 1336 1568 1373 aequatus,
1591 1333 1611 1363 i.
1630 1342 1656 1362 e.
1673 1342 1736 1363 non
1758 1332 1853 1363 maior
1867 1331 1912 1362 illi

1057 1379 1154 1410 honos
1171 1388 1260 1419 quam
1277 1379 1339 1409 illis
1355 1379 1446 1409 tribui
1463 1378 1589 1414 solebat,
1606 1377 1727 1408 habitus
1743 1377 1810 1408 est‘.

1102 1423 1264 1462 ceterum}
1298 1425 1345 1455 Ad
1361 1425 1461 1464 ipsum
1478 1424 1555 1454 redit
1572 1424 1678 1455 oratio.

1102 1480 1201 1509 qrave
1218 1470 1306 1500 inter
1321 1469 1463 1510 otioso⁸],
1480 1470 1683 1509 periculosum
1706 1478 1742 1499 eo
1759 1468 1836 1507 loco,
1860 1467 1912 1497 ubi

1057 1516 1135 1546 nulli
1152 1519 1236 1546 erant
1251 1516 1310 1546 nisi
1327 1516 1426 1552 otiosi,
1443 1516 1497 1555 qui
1512 1525 1579 1546 cum
1596 1515 1629 1545 in
1646 1523 1818 1553 magnorum
1835 1514 1911 1544 viro*

1057 1571 1124 1591 rum
1139 1562 1220 1591 fama
1242 1561 1406 1591 differenda
1428 1561 1523 1591 otium
1548 1563 1766 1596 consumerent,
1788 1559 1912 1598 gloriam

1058 1608 1122 1637 eius
1139 1607 1327 1637 sermonibus
1343 1606 1501 1645 augebant.

1102 1651 1241 1690 hausit}
1275 1653 1363 1682 Certa
1378 1655 1424 1683 est
1440 1652 1624 1688 emendatio;
1656 1660 1724 1681 nam
1742 1651 1798 1681 etsi
1814 1650 1914 1681 otium

1057 1698 1193 1728 haurire
1209 1699 1282 1728 alias
1306 1708 1368 1728 non
1386 1699 1502 1737 legitur,
1528 1700 1629 1727 tamen
1645 1697 1704 1727 tale
1730 1696 1879 1726 obiectum
1896 1705 1914 1726 a

1058 1747 1164 1774 natura
1179 1744 1270 1774 huius
1286 1744 1370 1774 verbi
1386 1753 1446 1774 non
1464 1746 1510 1774 est
1525 1743 1665 1773 alienum.

1101 1788 1286 1826 comitatus]
1306 1798 1330 1820 c.
1356 1789 1426 1825 abl.‚
1452 1792 1486 1819 ut
1502 1790 1580 1819 Ann.
1597 1788 1675 1818 XIV.
1697 1788 1714 1818 8
1733 1787 1912 1819 trierarcho

1058 1834 1234 1866 Herculeio
1254 1851 1290 1856 -
1310 1835 1503 1866 comitatum.
1551 1834 1595 1865 Cf.
1621 1837 1751 1872 saeptus
1773 1833 1914 1864 armatis

1057 1880 1094 1910 Η.
1112 1880 1163 1910 IV.
1184 1882 1213 1910 2.
1233 1896 1274 1901 -
1292 1881 1411 1911 Similia
1433 1880 1471 1910 de
1489 1880 1603 1911 Seneca
1625 1879 1717 1910 tradit
1739 1880 1816 1910 Ann.
1832 1878 1914 1909 XIV.

1059 1927 1100 1956 56
1126 1925 1280 1957 instituta
1299 1925 1426 1965 prioris
1444 1925 1613 1965 potentiae
1636 1929 1819 1964 commutat,
1838 1933 1913 1963 pro-

1058 1971 1145 2002 hibet
1160 1975 1268 2002 coetus
1284 1970 1510 2003 salutantium.
1528 1970 1614 2002 vitat
1638 1970 1834 2005 comitantes,
1858 1979 1911 1999 ra-

1058 2026 1115 2047 ras
1133 2026 1195 2055 per
1218 2016 1343 2052 urbem,
1371 2016 1465 2056 quasi
1487 2015 1673 2047 valitudine
1696 2015 1832 2056 insensa
1855 2020 1912 2046 aut

1057 2061 1241 2102 sapientiae
1257 2061 1379 2093 studiis
1395 2061 1480 2092 domi
1496 2061 1712 2092 adtineretur.

1097 2117 1160 2146 per
1175 2103 1406 2148 ambitionem}
1447 2103 1596 2138 Ambitio
1612 2107 1678 2136 eius
1695 2109 1749 2142 est,
1774 2107 1826 2147 qui
1842 2107 1912 2137 alio-

1059 2162 1124 2183 rum
1142 2153 1370 2183 admirationem
1387 2155 1487 2192 captat
1510 2150 1567 2191 (sic
1583 2162 1610 2183 c.
1630 2155 1644 2182 1
1663 2154 1693 2182 et
1709 2162 1735 2183 c.
1753 2153 1795 2183 29
1813 2151 1913 2182 ambi-

1058 2193 1151 2239 tiose)
1176 2199 1354 2229 ostentando
1377 2199 1507 2228 nominis
1531 2198 1695 2228 claritatem
1719 2201 1749 2228 et
1772 2198 1912 2228 comitum

1058 2244 1266 2283 frequentiam.
1308 2244 1352 2274 Of.
1371 2244 1470 2274 Germ.
1488 2244 1529 2274 27
1546 2242 1708 2284 funerum
1731 2242 1824 2274 nulla
1848 2253 1913 2274 am-

1058 2288 1148 2326 bitio,
1166 2290 1186 2320 i.
1207 2299 1233 2320 e.
1251 2289 1356 2319 funera
1370 2298 1432 2319 non
1448 2291 1519 2319 sunt
1534 2289 1573 2319 ad
1590 2289 1819 2319 ostentationem
1835 2298 1912 2319 com-

1058 2335 1166 2374 posita.
1208 2335 1270 2366 Per
1289 2338 1388 2365 autem
1411 2335 1536 2365 eandem
1552 2333 1643 2364 habet
1658 2335 1719 2364 vim
1734 2335 1913 2364 instrumen-

1057 2380 1162 2417 talem,
1192 2389 1281 2420 quam
1310 2380 1457 2410 ablativus
1468 2402 1477 2420 ,
1506 2380 1591 2410 cuius
1616 2389 1689 2409 usus
1718 2379 1912 2421 frequentior,

1058 2425 1141 2456 velut
1157 2425 1220 2456 Liv.
1238 2426 1328 2456 XXII.
1356 2427 1384 2460 8,
1411 2426 1432 2456 4
1449 2424 1665 2465 quodcumque
1681 2424 1814 2456 adversi
1829 2425 1913 2456 inci-

1058 2470 1163 2511 derit,
1195 2481 1258 2502 non
1285 2480 1392 2501 rerum
1427 2470 1669 2510 maqnitudine,
1707 2469 1764 2502 sed
1788 2470 1915 2501 viribus

1059 2516 1242 2547 extenuatis
1258 2531 1301 2536 ——
1319 2515 1552 2547 aestimandum
1569 2525 1643 2547 esse.

1104 2557 1323 2604 aspectoque];
1351 2570 1411 2592 non
1427 2562 1492 2591 viso
1509 2562 1616 2596 solum,
1635 2561 1688 2591 sed
1704 2562 1793 2591 etiam
1810 2561 1913 2591 habitu

1059 2607 1122 2636 eius
1139 2610 1169 2637 et
1185 2608 1344 2638 comitatus
1360 2607 1460 2646 specie
1472 2607 1567 2637 oculis
1583 2607 1717 2637 lustrata.

1104 2651 1308 2691 quaererent]
1321 2662 1346 2683 e.
1357 2661 1386 2692 q.
1396 2662 1432 2692 s.,
1446 2653 1533 2692 quasi
1545 2652 1714 2682 mirabundi
1724 2654 1911 2691 quaererent,

1058 2697 1110 2736 qui
1127 2698 1238 2728 factum
1262 2701 1350 2733 esset,
1376 2700 1409 2727 ut
1431 2700 1543 2728 tantam
1567 2697 1675 2727 samam
1699 2697 1915 2736 adipisceretur

1058 2743 1095 2782 is,
1111 2743 1143 2772 in
1160 2753 1221 2783 quo
1236 2745 1300 2774 tam
1317 2744 1464 2781 insignem
1481 2743 1617 2773 viderent
1634 2742 1865 2781 simplicitatem.

1104 2787 1427 2828 interpretarentur-J.
1457 2788 1590 2818 Breviter
1606 2788 1718 2818 dictum
1735 2790 1780 2818 est
1786 2782 1913 2828 famam

1059 2833 1276 2873 interpretari
1284 2834 1315 2863 in
1326 2833 1402 2863 hanc
1409 2834 1586 2863 senteutiam
1597 2843 1603 2862 :
1615 2833 1800 2872 intellegere,
1814 2842 1912 2863 veram

1058 2887 1254 2918 magnamque
1269 2878 1378 2909 famam
1402 2887 1463 2909 non
1486 2878 1646 2908 abhorrere
1670 2878 1707 2908 ab
1736 2878 1800 2909 eius
1816 2878 1913 2909 famae

1057 2923 1304 2955 dissimulatione.

1098 3069 1159 3099 per
1177 3068 1229 3090 eos
1244 3057 1340 3095 diesJ.
1366 3059 1420 3098 qui
1442 3059 1570 3089 reditum
1596 3068 1631 3090 ex
1647 3058 1802 3090 Britannia
1817 3060 1912 3091 secuti

1057 3108 1136 3136 sunu

1101 3149 1215 3180 absens
1231 3153 1412 3188 accusatus,
1431 3149 1544 3181 absens
1558 3149 1727 3180 absolutas
1742 3145 1816 3192 est].
1846 3150 1912 3181 Non

1058 3195 1248 3233 cogitandum
1262 3204 1327 3225 esse
1342 3195 1379 3224 de
1391 3195 1580 3225 accusatione
1590 3195 1733 3225 adversus
1744 3196 1911 3234 Agricolam

1056 3240 1166 3271 frustra
1173 3243 1312 3280 suscepta
1319 3241 1391 3270 etde
1400 3240 1510 3270 iudicio
1522 3241 1578 3271 rite
1587 3240 1690 3270 habito
1700 3240 1771 3271 inde
1777 3244 1910 3280 apparet,

1057 3285 1138 3325 quod
1156 3294 1211 3315 nec
1228 3294 1295 3315 reus
1312 3286 1342 3315 in
1360 3286 1407 3315 ius
1424 3289 1545 3316 vocatus
1561 3289 1607 3316 est
1622 3286 1660 3316 ad
1677 3294 1794 3316 causam
1811 3286 1910 3316 dicen-

1057 3331 1124 3360 dam
1144 3340 1199 3360 uec
1216 3331 1327 3361 crimen
1344 3331 1437 3361 ullum
1455 3339 1545 3361 causa
1559 3331 1685 3371 periculi
1701 3331 1767 3363 fuit.
1808 3332 1911 3371 Neque

1058 3376 1136 3406 enim
1153 3377 1301 3406 accusatio
1326 3376 1440 3407 institui
1457 3379 1556 3415 petest
1571 3377 1629 3407 uisi
1645 3376 1768 3408 crimine
1784 3376 1909 3415 prolato.

1644 3428 1687 3464 14
