2176 3672
69 0 246 53 ξᾞῖέἐᾛ
297 9 308 12 “
324 5 341 12 ‘*
360 0 386 27 -.”
477 10 485 13 -
556 0 559 1 ’

69 31 122 65 ,ἐς
141 27 203 62 9¹33ss
231 29 238 57 ζ
253 49 258 51 ,
374 47 377 51 ,
409 57 412 61 .
454 50 458 51 ⁷
485 35 494 51 ,·
511 46 514 48 .

50 65 143 106 ..fr
155 68 171 85 ³*
232 87 240 98 --
365 78 371 81 ”
611 81 622 100 1

2 131 61 170 ’,Άὲ
92 141 103 163 ’ί

0 214 23 231 1νὲ
54 206 59 210 1

0 350 10 382 5„

771 231 779 235 -
833 195 936 269 oab.
959 213 1030 254 40.
1054 213 1124 254 41.
1149 213 1219 254 42.
1848 215 1902 255 75

131 331 365 393 provinciae
401 329 573 374 colonia.
610 325 766 385 passim
802 326 891 369 sine
931 323 1100 368 custode
1137 327 1375 380 transeunt3
1408 328 1452 368 et
1489 338 1581 367 cum
1618 326 1767 367 ceteris
1805 340 1904 382 gen-

99 405 108 428 *
132 403 241 457 ffiius
269 422 384 454 arma
410 406 535 451 modo
565 408 783 462 castraque
811 406 954 447 nostra
983 401 1262 456 ostendamus,
1292 402 1357 444 his
1387 401 1532 445 domos
1562 402 1760 459 villasque
1790 407 1905 460 pate-

119 473 848 542 ·ffimusmofi'eofieupiseentibus.
879 481 924 523 in
951 479 1253 523 Hermunduris
1284 478 1401 521 Albis
1432 480 1573 533 oritur,
1603 479 1758 522 flumen
1793 479 1906 523 incli-

117 568 221 609 tum
249 567 296 608 et
322 567 467 607 notum
499 563 619 616 olim3
651 574 760 604 nunc
788 562 948 603 tantum
977 556 1154 601 auditur.

251 641 344 698 (42)
371 640 498 683 quta
515 637 830 682 Hermunduros
848 636 1018 690 Varisti,
1039 648 1087 678 ac
1107 632 1256 676 deinde
1277 633 1526 676 Marcomani
1547 637 1590 676 et
1611 633 1743 683 Quadi
1764 637 1903 690 agunt.
1918 648 1935 673 ⁵

237 767 266 798 1.
284 763 416 807 passim
436 763 510 795 sine
524 764 608 795 AB:
629 761 758 805 passim
780 764 812 792 et
831 759 906 792 sine
921 760 957 792 C.
973 777 1011 782 —
1034 761 1065 790 2.
1087 756 1301 789 ostendamus
1316 757 1354 788 Β.
1377 755 1542 788 findamus
1555 757 1594 788 A.
1617 755 1800 799 offe-damus
1815 757 1851 789 C.
1867 775 1904 781 —

132 806 279 846 δ”..ἅαὶα
297 813 336 844 Β.
349 829 392 834 -
414 809 671 842 kermumduros
693 810 730 842 C.
752 827 791 833 —
818 805 949 839 Varisci
969 806 1170 839 Miillenhoff.
1192 803 1317 836 narisci
1338 804 1415 836 AB.
1436 803 1570 835 marisci
1584 804 1619 836 C.
1641 803 1775 836 narisci
1795 814 1907 845 margo

130 861 172 895 A.
193 877 234 885 -
254 858 467 892 marcomani
486 858 517 889 A
531 859 567 891 C.
588 856 804 889 marcomani
824 866 874 898 pr.
896 857 933 888 B.
955 852 1171 886 marcoma'm‘
1192 862 1273 884 corr.
1294 853 1331 883 Β.

120 941 205 988 ιω.
243 955 410 988 omium.
450 954 586 991 Quando
619 953 746 985 colonia
779 953 821 984 sit
849 951 997 989 seducta,

130 1011 244 1045 porum
265 1006 402 1036 constat.
435 1003 585 1034 Ceterum
599 1002 639 1033 cf.
656 1002 765 1032 Christ
784 1001 818 1031 in
835 1008 996 1031 commen-

130 1051 254 1083 huone
274 1060 335 1082 sua
350 1051 450 1089 „iiber
470 1051 523 1081 ein
543 1050 597 1081 bei
611 1049 843 1088 weissenburg
865 1046 909 1085 (in
922 1046 996 1077 Mit-

131 1097 326 1137 telssranken)
351 1098 552 1140 gefundenes
573 1096 843 1136 Militem-diplom&
872 1094 913 1125 de
935 1094 998 1134 qiia

131 1144 197 1178 hm
221 1146 264 1178 ad
285 1156 313 1177 c.
343 1148 357 1176 1
392 1146 524 1177 fecimus
552 1145 756 1176 mentionem.
786 1160 823 1166 —
851 1141 995 1184 passim]

131 1193 208 1232 „ubi
227 1194 308 1234 ipsis
329 1194 474 1234 placet“;
502 1202 608 1233 neque
636 1193 720 1223 enim
748 1194 854 1223 certus
881 1190 996 1230 aliquis

131 1241 284 1272 traiectus
304 1241 352 1272 eis
372 1241 556 1281 assignatus
584 1242 662 1271 erat.
684 1255 723 1261 —-
745 1237 818 1269 sine
845 1235 995 1277 custode]

133 1288 254 1320 Contra
276 1285 429 1318 Tencteri
449 1286 592 1318 inermes
623 1295 667 1317 ac
691 1295 801 1328 prope
829 1283 914 1316 nudi
934 1282 995 1315 sub

133 1333 272 1376 custode
292 1339 325 1367 ee
341 1333 453 1377 pretio
477 1332 615 1365 coibant
638 1343 714 1364 cum
729 1330 996 1374 Ayrippinensi-

133 1379 205 1415 lut-
234 1382 318 1415 met.
341 1384 370 1420 4,
384 1384 435 1414 64.
468 1381 552 1418 Quin
567 1382 664 1412 etiam
683 1381 794 1411 Italiae
815 1381 904 1411 fluvii
920 1375 996 1411 suos

131 1429 294 1462 habeb-nt
315 1429 464 1460 custodes
477 1429 615 1460 maxime
637 1429 679 1459 ad
693 1428 904 1459 retrahendos
927 1437 995 1458 ser-

131 1485 192 1509 ves
210 1477 372 1517 fugitivos.
398 1477 540 1507 Fabrett.
569 1486 601 1516 p.
634 1478 706 1513 675,
734 1478 791 1506 20:
813 1471 972 1505 DORVS
988 1483 996 1491 ·

130 1521 258 1556 LARO
274 1533 282 1542 ·
305 1520 468 1554 HVIVS·
482 1521 541 1554 FL
550 1520 708 1553 VMINIS
721 1532 729 1540 ·
748 1518 940 1553 CVSTOS:
962 1523 996 1552 in

131 1573 228 1612 cippo
257 1573 387 1612 reperto
412 1580 514 1611 prope
546 1570 711 1610 praedium
740 1568 776 1600 la
812 1566 996 1607 Casae-cia,

131 1620 284 1651 adiacens
303 1619 400 1650 fluvio
422 1620 554 1650 exeunti
574 1628 595 1649 a
614 1619 688 1649 lacu
711 1618 838 1655 Sabate,
860 1618 914 1657 qui
936 1618 996 1647 flu-

131 1667 203 1699 vius
222 1666 320 1698 hodie
340 1663 479 1696 Larone
500 1666 689 1706 appellatur.
712 1683 751 1687 —
775 1674 843 1695 non
866 1673 997 1695 concu-

129 1710 356 1756 piscentibus]
382 1714 520 1753 ideoque
551 1722 606 1744 eas
636 1713 807 1752 compilare
835 1721 998 1752 nunquam

131 1761 331 1793 conantibus.
346 1778 385 1783 —
397 1758 506 1800 Albis]
532 1760 587 1798 „Id
608 1760 726 1790 flumen
750 1761 850 1790 oritur
869 1761 904 1789 in
926 1759 1012 1789 fini--

131 1809 192 1840 bus
212 1809 386 1840 Bohemiae
419 1811 452 1838 et
473 1808 624 1844 silesiae,
656 1807 698 1838 ad
730 1816 810 1846 quos
837 1808 997 1846 pertinere

131 1856 372 1888 Hermunduros
404 1856 494 1886 multi
524 1855 680 1886 dubitant.
719 1855 872 1895 Cogitant
900 1856 998 1894 igitur

132 1903 276 1943 deBgrs
297 1899 437 1947 [Effer]
459 1903 494 1932 in
507 1903 690 1933 Franconia
711 1904 895 1941 emergente
918 1904 951 1932 et
965 1903 998 1932 in

131 1950 239 1982 Albim
259 1949 459 1981 delabente.“
482 1950 611 1980 Duras.
655 1949 737 1980 Vide
765 1952 872 1980 tamen
893 1950 998 1980 statim

132 2006 216 2037 quae
237 1997 385 2028 dicentur
405 1997 445 2027 de
460 1996 757 2026 Hermundurorum
777 1997 998 2035 emigratione.

133 2043 198 2075 Clr.
219 2045 314 2074 etiam
336 2043 515 2075 Tzsehuck.
536 2044 578 2074 ad
599 2044 716 2074 Melam
738 2045 768 2080 3,
789 2045 819 2080 3,
840 2045 870 2073 3.
892 2053 924 2082 p.
948 2046 998 2074 96.

134 2107 173 2113 --
195 2094 310 2121 noe-am
338 2088 430 2130 olim]
455 2091 580 2121 Drusus
601 2100 630 2121 a.
653 2100 684 2121 u.
706 2093 765 2121 745
798 2100 870 2121 cum
896 2092 998 2131 legio-

133 2137 228 2169 nibus
242 2138 395 2169 Romanis
413 2137 455 2168 ad
468 2138 574 2168 Albim
596 2147 785 2178 progressus
806 2147 872 2169 non
895 2141 998 2169 trans-

133 2185 170 2216 iit
195 2185 398 2225 hopaeisque
435 2186 563 2216 statutis
600 2185 745 2216 recessit.
787 2185 850 2215 Dio
879 2188 934 2223 55,
971 2189 998 2216 1.

132 2232 203 2263 Liv.
222 2232 307 2272 Epit-
332 2234 402 2264 140.
429 2233 549 2263 Postea
570 2233 606 2263 L.
629 2233 788 2263 Domitius
809 2233 998 2264 Ahenobar-

133 2279 204 2318 bus,
224 2279 364 2311 Neronis
385 2288 475 2317 avus,
497 2278 652 2310 exercitu
674 2276 787 2310 Albim
815 2283 999 2311 transcen-

133 2324 192 2365 die,
213 2324 348 2367 longius
367 2330 549 2367 penetrata
567 2325 754 2358 Germania
777 2337 879 2368 quam
901 2328 998 2369 quis-

133 2382 237 2416 quam
254 2372 422 2415 priorum.
464 2374 547 2404 Ami.
570 2377 601 2412 4,
623 2376 673 2404 44.
695 2375 775 2406 Post
800 2375 919 2406 Tiberii
941 2386 997 2406 ex-

131 2420 326 2461 peditionem
354 2430 384 2452 a.
411 2430 443 2451 u.
473 2423 532 2452 ’158
575 2421 790 2452 Romanorum
821 2423 928 2453 nullus
956 2423 998 2453 ad

132 2468 238 2499 Albim
259 2477 360 2508 usque
382 2468 549 2508 processit.
577 2469 690 2498 Vellei.
713 2470 743 2506 2,
766 2471 844 2506 1063
869 2470 931 2500 Dio
947 2472 998 2508 55,

133 2517 184 2546 28.
204 2515 303 2546 sts.
324 2515 464 2555 Egregie
478 2518 586 2546 autem
600 2516 687 2546 hunc
709 2516 749 2546 de
765 2516 997 2547 Hermunduris

133 2563 239 2594 locum
258 2562 396 2594 illustrat
416 2563 478 2593 Dio
500 2562 550 2600 54,
575 2564 624 2601 10,
654 2564 688 2593 in
710 2564 905 2603 Fragmento
926 2565 996 2595 Mo-

132 2609 284 2647 relliano,
315 2611 389 2648 post
421 2610 598 2649 prinoipem
636 2610 810 2641 editionem
843 2612 998 2642 Venetam

132 2666 164 2696 p.
186 2658 226 2687 32
257 2657 394 2696 repetito
426 2657 459 2686 in
482 2656 541 2687 Ed.
574 2657 744 2688 Sturziana
771 2658 826 2688 ΠΙ.
858 2668 888 2697 p.
919 2660 997 2690 362:

135 2698 264 2733 Ταῦτα
287 2697 328 2731 δὲ
360 2690 431 2732 οὖν
454 2693 538 2741 ἅμα
568 2701 635 2733 καὶ
666 2697 714 2733 τὰ
746 2699 820 2733 τῶν
846 2700 997 2734 Κελτῶν

133 2749 389 2799 (Germanorum)
415 2742 621 2790 ἐκαινώθη.
654 2744 677 2780 ὁ
712 2744 784 2804 γὰρ
817 2746 998 2791 Δομίτιος

134 2802 322 2840 προτερον
338 2794 423 2837 μέν,
445 2789 519 2835 ἕως
535 2790 589 2828 ’ἔτι
615 2794 688 2828 τῶν
706 2804 800 2842 προς
809 2795 859 2828 τῶ
868 2792 997 2842 Ἴστρῳ

135 2841 284 2887 χωρίων
309 2832 415 2888 ἦρχε,
442 2838 531 2884 τούς
555 2852 596 2875 τε
612 2830 938 2890 Ἑρμουνδοῦρους
956 2843 996 2876 ἐκ

134 2886 204 2931 τῆς
227 2888 370 2930 οἰκείας
394 2886 467 2922 οὐκ
491 2886 560 2922 οἶδ’
585 2883 691 2931 ὅπως
714 2887 998 2933 ἐξαναστάντας

136 2935 200 2968 καὶ
213 2931 311 2968 κατὰ
323 2932 482 2980 ζήτησιν
495 2935 628 2984 ἑτέρας
641 2937 712 2982 γῆς
725 2937 998 2980 πλανωμένους

136 2978 353 3023 ὑπολαβών,
378 2983 420 3017 ἐν
443 2986 550 3041 μέρει
582 2984 651 3029 τῆς
679 2984 999 3032 Μαρκομαννίδος

134 3026 336 3076 κατῴκισε·
371 3031 436 3064 καὶ
468 3043 536 3066 τον
574 3029 722 3071 :amictv
754 3029 921 3076 μηδενός
959 3033 999 3064 οἱ

134 3076 430 3121 ἐναντιουμένου
475 3075 631 3122 διαβάς,
669 3079 801 3121 φιλίαν
839 3090 877 3112 τε
919 3083 999 3119 τοῖς

134 3123 262 3170 ἐκείνῃ
286 3122 499 3174 βαρβάρως
529 3127 732 3167 συνέθετο,
765 3128 830 3159 καὶ
862 3123 998 3168 βωμὸν

135 3170 192 3205 ἐπ’
217 3170 336 3206 αὐτὸν
370 3173 420 3220 τῷ
445 3171 653 3221 Αὐγούστῳ
687 3171 878 3221 ἱδρύσατο.
913 3169 997 3205 τότε

134 3217 184 3273 δὲ,
212 3217 307 3266 πρὸς
343 3218 411 3255 τὸν
438 3218 572 3266 Ῥῆνον
588 3219 781 3265 μετελθών
807 3222 871 3253 καὶ
889 3219 999 3253 ἐκπε-

1046 949 1245 999 φρονῆσαι
1270 947 1383 990 σφῶν
1405 948 1473 981 καὶ
1498 945 1586 990 τούς
1609 943 1747 990 ἄλλους
1759 945 1908 996 βαρβά-

1045 1010 1138 1047 ρους
1162 997 1353 1041 ganiman.
1386 1002 1554 1032 Pertinent
1584 1002 1665 1033 haec
1695 1002 1736 1032 ad
1766 1012 1796 1032 a.
1829 1012 1858 1033 u.
1881 1012 1908 1033 c.

1046 1054 1117 1084 754.
1158 1050 1219 1080 His
1253 1050 1352 1090 igitur
1382 1049 1613 1080 Hermunduris
1651 1049 1693 1079 ad
1729 1049 1908 1080 Danuvium

1044 1097 1274 1135 habitantibus,
1296 1097 1350 1136 qui
1371 1106 1389 1127 e
1413 1096 1546 1134 Suebia,
1568 1106 1661 1136 qnam
1683 1097 1812 1128 Tacitus
1834 1098 1910 1128 dicit

1046 1147 1082 1178 C.
1105 1147 1145 1176 43
1168 1147 1200 1176 et
1221 1146 1272 1182 45,
1305 1145 1509 1184 emigrarant,
1540 1145 1583 1174 ibi
1606 1153 1702 1184 agros
1722 1145 1907 1184 assignave-

1044 1196 1118 1225 rant
1141 1193 1278 1223 Romani
1302 1193 1337 1222 in
1358 1192 1633 1222 Marcomanorum
1665 1193 1800 1230 finibus3
1833 1194 1910 1224 hinc

1045 1241 1158 1272 horum
1179 1240 1319 1270 amicitia
1340 1249 1411 1270 cum
1432 1240 1598 1277 Romanis,
1626 1241 1785 1279 separatio
1807 1240 1847 1271 ab
1869 1242 1909 1272 iis

1045 1288 1294 1325 Hermunduris,
1325 1297 1459 1327 quorum
1488 1287 1582 1318 sedes
1614 1287 1655 1318 ad
1683 1288 1788 1318 fontes
1818 1288 1908 1319 Albis

1045 1337 1192 1366 fluminis.
1226 1335 1316 1371 Quae
1346 1335 1387 1366 de
1410 1335 1642 1366 Cheruscorum
1670 1335 1772 1366 turbis
1804 1336 1909 1373 tradit,

1044 1393 1147 1424 aeque
1170 1383 1307 1414 obscura
1326 1385 1492 1414 remanent
1519 1385 1613 1422 atque
1634 1383 1689 1412 illa
1710 1383 1743 1413 in
1765 1383 1908 1423 Segestis

1045 1432 1189 1462 oratione
1203 1431 1287 1461 Ann.
1305 1432 1334 1468 1,
1350 1433 1404 1460 58:
1431 1434 1461 1460 et
1481 1429 1584 1460 inieci
1600 1433 1739 1460 catenas
1754 1426 1909 1460 Arminio

1046 1483 1077 1509 et
1104 1488 1127 1509 a
1152 1477 1306 1519 factione
1335 1476 1406 1508 eius
1435 1476 1580 1508 iniectas
1610 1486 1795 1518 perpessus
1826 1487 1910 1508 snm.

1044 1527 1157 1566 Neque
1186 1526 1270 1556 enim
1292 1528 1469 1565 temporum
1490 1526 1612 1556 ratione
1641 1525 1764 1563 habita,
1793 1526 1908 1557 collato

1044 1574 1128 1604 Ann-
1151 1576 1170 1604 2
1204 1574 1308 1613 eapite
1331 1575 1380 1611 88,
1414 1574 1494 1604 haec
1515 1573 1557 1603 ad
1582 1573 1710 1604 easdem
1731 1573 1909 1604 Cherusco-

1044 1631 1113 1652 rum
1155 1622 1238 1652 inter
1275 1630 1311 1652 se
1353 1621 1577 1653 contentiones
1617 1621 1728 1651 referri
1765 1623 1910 1660 possunt.

1046 1669 1213 1699 ORELLI.
1246 1668 1309 1698 Sed
1332 1668 1452 1706 dubito,
1474 1678 1517 1698 an
1538 1677 1705 1708 perperam
1729 1668 1827 1698 Orelli
1850 1668 1911 1698 hoc

1046 1717 1202 1753 statuerit,
1224 1717 1379 1747 erraverit
1400 1725 1526 1755 quoque
1548 1716 1741 1746 Wislicenus
1770 1716 1803 1744 in
1825 1724 1910 1745 com-

1046 1764 1240 1794 mentatione
1254 1773 1313 1794 sua
1323 1764 1374 1794 die
1387 1764 1580 1794 Geschichte
1595 1763 1653 1792 der
1661 1763 1910 1802 Elbgermanen3

1046 1821 1088 1842 an
1097 1812 1169 1851 quis
1184 1821 1244 1842 nos
1255 1821 1314 1850 pro
1326 1813 1415 1842 certo
1425 1811 1519 1841 docet
1532 1803 1600 1849 τὴν
1613 1804 1912 1851 Μαρκομαννίδα

1047 1869 1119 1890 esse
1134 1859 1323 1890 Bohemiam
1343 1868 1381 1890 ac
1403 1868 1470 1889 non
1483 1859 1621 1897 priorem
1640 1858 1911 1888 Marcomanorum

1046 1907 1155 1938 sedem
1177 1907 1374 1946 significari?
1397 1907 1498 1936 Multo
1519 1906 1720 1936 verisimilius
1742 1907 1800 1942 est,
1823 1907 1911 1944 post-

1046 1963 1141 1994 quam
1178 1955 1373 1984 Marcomani
1415 1954 1629 1993 emigrarunt,
1672 1953 1912 1982 Hermunduros

1046 2002 1088 2032 ad
1101 2002 1282 2032 Danuvium
1297 2010 1410 2032 versus
1423 2010 1494 2032 esse
1506 2001 1666 2040 profectos
1678 2001 1911 2039 Domitiumque

1047 2049 1090 2079 ibi
1113 2049 1195 2079 fines
1216 2049 1302 2079 inter
1322 2048 1564 2079 Hermunduros
1597 2050 1629 2078 et
1650 2048 1811 2077 Romanos
1835 2056 1910 2077 oon-

1047 2096 1200 2126 stituisse.
1231 2095 1324 2131 Quod
1341 2096 1472 2126 Tacitus
1495 2095 1535 2125 de
1558 2095 1649 2124 Albis
1671 2094 1810 2124 fontibus
1826 2093 1911 2130 dicit,

1046 2145 1134 2173 recte
1163 2144 1391 2182 interpretatur
1421 2143 1451 2173 J.
1475 2142 1595 2172 Grimm
1618 2142 1656 2171 G.
1677 2141 1717 2171 D.
1741 2141 1772 2171 S.
1794 2150 1825 2180 p.
1841 2142 1910 2170 599.

1047 2190 1096 2220 De
1117 2190 1205 2220 fluvii
1227 2190 1356 2220 nomine
1378 2189 1418 2220 cf.
1442 2189 1572 2226 Grimm,
1594 2189 1675 2218 thes.
1698 2188 1812 2218 Theot.
1834 2196 1858 2217 s.
1881 2197 1910 2216 v.

1048 2233 1135 2266 Elbe
1159 2239 1191 2267 et
1213 2234 1281 2266 alb.

1089 2286 1139 2315 42.
1172 2280 1314 2323 Varisti]
1345 2284 1441 2326 Dioni
1457 2285 1505 2319 71,
1529 2285 1586 2313 21:
1609 2278 1809 2324 Ναρισταί,
1834 2281 1910 2311 Pto-

1046 2332 1170 2362 lemaeo
1193 2334 1223 2369 2,
1247 2334 1304 2362 11:
1334 2325 1552 2373 Οὑαριστοί.
1596 2331 1675 2360 Post
1695 2330 1812 2360 bellum
1827 2329 1911 2359 Mar-

1047 2380 1246 2410 comanicum
1276 2388 1342 2409 non
1372 2379 1435 2409 iam
1464 2379 1688 2408 memorantur.
1736 2377 1836 2406 Zeuss
1870 2372 1911 2404 D.

1046 2437 1077 2466 p.
1101 2429 1171 2464 117,
1195 2429 1272 2464 584;
1299 2427 1400 2457 Ukert
1426 2423 1464 2455 G.
1485 2435 1516 2465 p.
1532 2427 1612 2455 401:
1641 2421 1724 2453 Man
1745 2420 1843 2453 sucht
1864 2421 1911 2452 sie

1048 2473 1093 2504 im
1111 2470 1292 2515 Voiytland
1302 2471 1374 2504 und
1383 2472 1428 2503 im
1437 2468 1733 2503 Baireutloischen.
1756 2470 1911 2501 ORELLI

1048 2521 1096 2552 Cf.
1120 2522 1242 2552 Grimm
1264 2521 1302 2551 G.
1325 2521 1364 2550 D.
1388 2520 1419 2550 S.
1443 2521 1513 2551 505.
1546 2518 1738 2548 Mi'illenhoff
1756 2518 1790 2547 Z.
1812 2517 1850 2547 D.
1872 2517 1910 2546 A.

1046 2569 1103 2605 IX,
1121 2570 1177 2598 131
1196 2578 1254 2607 sq.‚
1278 2568 1331 2607 qui
1347 2567 1524 2597 luculenter
1546 2565 1659 2604 probat
1678 2560 1828 2593 Varistos
1843 2564 1910 2594 sive

1054 2611 1208 2646 Varis-eas
1242 2624 1350 2646 veram
1371 2614 1509 2644 nominis
1538 2621 1609 2643 esse
1635 2612 1784 2648 formam,
1817 2619 1910 2649 quam

1046 2663 1232 2701 superlativi
1272 2670 1345 2692 esse
1386 2662 1464 2691 dicit
1495 2659 1644 2690 adiectivi
1684 2666 1765 2687 vars
1808 2658 1910 2696 (stirp.

1046 2718 1135 2739 vara
1147 2710 1199 2746 —-)
1223 2711 1255 2739 et
1278 2706 1451 2737 bellicosos
1474 2705 1662 2743 significare.
1683 2704 1732 2735 cf.
1762 2699 1909 2734 Varino-

1046 2766 1122 2786 rum
1143 2759 1175 2786 et
1205 2752 1393 2785 Viuilonum
1416 2753 1494 2791 (rad.
1518 2761 1595 2782 sscr.
1619 2753 1700 2788 ran)
1721 2760 1847 2782 nomen.
1870 2768 1907 2774 —

1046 2801 1276 2840 Marcomani]
1309 2802 1369 2831 iam
1402 2810 1421 2830 a
1461 2800 1598 2830 Caesare
1632 2798 1795 2828 memorati
1827 2798 1911 2828 inter

1046 2843 1198 2881 Ariovisti
1232 2850 1337 2879 socios
1366 2849 1401 2877 B.
1431 2848 1469 2876 e.
1495 2848 1521 2883 1,
1551 2848 1601 2876 51.
1631 2845 1742 2876 Veuei.
1774 2847 1802 2881 2,
1835 2846 1908 2875 108:

1047 2895 1141 2927 Nihil
1154 2900 1229 2926 erat
1245 2894 1358 2925 iamin
1374 2891 1572 2930 Germania,
1585 2890 1676 2933 quod
1686 2891 1777 2922 vinci
1786 2895 1910 2932 posset,

1044 2947 1184 2985 praeter
1214 2945 1345 2983 qeutem
1372 2937 1696 2970 Marcomannorum
1723 2939 1782 2976 (sio
1810 2939 1842 2968 in
1873 2938 1908 2968 C.

1047 2991 1175 3021 Amerb.
1199 3006 1212 3012 -
1235 2989 1293 3019 Ed.
1317 2997 1363 3027 pr.
1387 2984 1697 3021 Marcomanorum,
1718 2985 1776 3015 sed
1798 2985 1907 3015 eadem

1046 3038 1104 3067 Ed.
1127 3039 1159 3072 2,
1187 3037 1244 3066 109
1268 3044 1382 3065 nomen
1413 3033 1531 3071 duplici
1554 3042 1575 3062 n
1590 3033 1740 3071 scriptum
1763 3031 1909 3068 exhibet3

1047 3084 1181 3122 simplici
1212 3084 1323 3112 contra
1355 3090 1376 3110 n
1399 3079 1575 3110 Schneider
1604 3081 1635 3110 in
1658 3080 1804 3109 Caesaris
1834 3079 1854 3108 l.
1876 3079 1908 3115 l.,

1046 3131 1214 3169 brevisque
1243 3132 1292 3159 est
1314 3128 1488 3167 penultima
1515 3126 1600 3165 apud
1629 3126 1706 3156 Stat.
1731 3125 1804 3157 silv.
1827 3126 1856 3161 3,
1878 3126 1907 3160 8,

1049 3179 1123 3207 17οε
1154 3178 1221 3214 (tua
1242 3175 1428 3210 clementia,
1459 3174 1662 3209 Domitiane,l
1695 3170 1791 3210 Quae
1812 3170 1907 3201 modo

1048 3221 1289 3253 Marcomanos
1318 3225 1394 3262 post
1429 3217 1570 3249 horrida
1602 3217 1706 3254 bella,
1738 3227 1907 3259 rnyosque

135 3276 277 3308 σοντας
299 3265 405 3311 τινὰς
427 3265 664 3317 Χερούσκων
700 3271 927 3312 καταγαγεῖν
951 3265 998 3299 δι’
1047 3268 1274 3300 Sauromatas
1290 3266 1390 3299 Latio
1402 3276 1469 3298 non
1485 3269 1532 3296 ese
1547 3264 1689 3307 «liquata
1704 3262 1904 3306 triumpho.)

135 3312 274 3360 ἑτέρων
298 3312 498 3360 ἐθελήσας,
524 3313 758 3359 ἐδυστύχησε
788 3316 853 3348 καὶ
879 3324 998 3347 κατα-

1048 3324 1135 3358 quae
1168 3313 1375 3346 Maroboduo
1406 3312 1489 3344 duce
1524 3312 1639 3344 eit-cita
1670 3309 1801 3342 sedibus
1833 3310 1903 3341 suis
