2176 3672
661 326 833 369 LIBER
860 326 940 370 III.
999 326 1100 380 Gap.
1131 326 1199 370 26.
1230 326 1298 370 27.
1328 326 1398 371 28.
1426 326 1498 370 29.
1878 327 1962 370 411

191 443 318 488 ximis
345 441 463 498 agris
490 441 679 496 legiones
708 440 909 484 dolabras
947 444 991 485 et
1032 440 1106 484 alii
1141 440 1272 485 falces
1302 440 1525 495 scalasque
1553 444 1816 485 convectant.
1875 445 1967 484 tum

192 521 656 581 elatisgsuper-capita
681 518 816 565 scutis
846 522 981 565 densa
998 522 1216 565 testudine
1235 522 1478 566 succedunt.
1509 509 1725 564 Romanae
1753 521 1968 575 utrimque

191 608 331 648 artes:
370 603 563 658 pondera
601 615 797 646 saxorum
838 601 1059 646 Vitelliani
1088 602 1355 656 provolvunt,
1395 602 1616 646 disiectam
1645 600 1968 657 fluitantemque

192 684 450 729 testudinem
467 683 628 727 lanceis
658 683 878 737 contisque
907 686 1167 737 scrutantur,
1198 683 1331 726 donec
1360 683 1502 726 soluta
1528 695 1731 737 compage
1750 685 1967 726 scutorum

190 776 404 820 exangues
433 768 509 807 aut
549 763 712 807 laceros
751 766 1071 818 prosternerent
1114 763 1251 807 multa
1291 776 1386 806 cum
1415 767 1575 817 strage.
1604 763 1839 807 incesserat
1867 775 1967 807 cun-

189 843 346 897 ctatio,
388 844 434 886 ni
473 845 604 887 duces
643 842 759 887 fesso
799 843 926 887 militi
975 847 1020 886 et
1057 843 1176 886 velut
1215 844 1369 887 inritas
1409 843 1725 887 exhortationes
1764 843 1967 887 abnuenti

190 923 440 969 Cremonam
468 926 790 967 monstrassent.
839 922 935 978 (28)
956 923 1163 967 Hormine
1192 924 1238 966 id
1257 924 1485 978 ingenium,
1516 927 1565 966 ut
1585 923 1788 967 Messalla
1816 924 1966 977 tradit,

188 1016 244 1048 an
283 1004 426 1059 potior
466 1007 615 1047 auctor
653 1004 712 1047 sit
754 1003 798 1047 C.
840 1003 1028 1057 Plinius,
1079 1004 1153 1058 qui
1194 1005 1424 1047 Antonium
1465 1005 1646 1058 incusat,
1687 1003 1803 1046 haud
1843 1003 1967 1047 facile

188 1084 476 1137 discreverim,
515 1085 599 1128 nisi
638 1085 752 1139 quod
791 1097 927 1139 neque
967 1085 1177 1128 Antonius
1206 1097 1342 1139 neque
1371 1084 1558 1128 Hormus
1597 1098 1624 1127 a
1651 1083 1766 1127 fama
1794 1085 1966 1138 vitaque

187 1176 267 1208 sua
304 1165 499 1219 quamvis
536 1165 722 1219 pessimo
762 1163 926 1219 flagitio
976 1165 1297 1219 degeneravere.
1369 1178 1451 1207 non
1491 1166 1575 1207 iam
1617 1165 1791 1219 sanguis
1829 1177 1965 1218 neque
1979 1177 2021 1208 ιο

187 1243 363 1288 volnera
390 1244 679 1298 morabantur,
709 1246 809 1299 quin
831 1245 1085 1288 subruerent
1114 1245 1272 1288 vallum
1303 1249 1612 1299 quaterentque
1640 1248 1802 1299 portas,
1831 1244 1964 1287 innixi

186 1325 345 1369 umeris
382 1329 427 1369 et
466 1338 597 1379 super
635 1325 834 1368 iteratam
885 1325 1143 1368 testudinem
1183 1326 1436 1369 scandentes
1485 1329 1739 1379 prensarent
1777 1324 1962 1368 hostium

187 1404 277 1451 tela
305 1405 576 1460 brachiaque.
634 1405 791 1458 integri
820 1417 913 1449 cum
944 1406 1120 1458 sauciis,
1160 1405 1391 1449 semineces
1430 1418 1523 1449 cum
1554 1405 1845 1460 expirantibus
1874 1405 1963 1447 vol-

184 1488 356 1538 vuntur,
384 1484 508 1528 varia
536 1486 805 1539 pereuntium
845 1484 983 1528 forma
1019 1490 1063 1528 et
1091 1485 1206 1528 omni
1235 1485 1421 1540 imagine
1449 1485 1661 1528 mortium.
1721 1486 1816 1539 (29)
1846 1497 1961 1528 acer-

184 1565 338 1609 rimum
373 1566 531 1609 tertiae
569 1566 861 1620 septimaeque
900 1565 1111 1620 legionum
1154 1570 1366 1609 certamen
1408 1570 1452 1609 et
1490 1567 1576 1608 dux
1615 1565 1824 1608 Antonius
1868 1578 1960 1608 cum
1977 1579 2018 1609 15

185 1645 363 1690 delectis
393 1645 671 1689 auxiliaribus
700 1647 847 1690 eodem
876 1646 1142 1690 incubuerat.
1202 1646 1441 1690 obstinatos
1470 1647 1582 1689 inter
1622 1659 1669 1689 se
1708 1658 1801 1688 cum
1831 1646 1960 1688 susti-

185 1739 288 1770 nere
315 1725 538 1770 Vitelliani
566 1727 792 1781 nequirent
821 1733 865 1771 et
893 1727 1138 1781 superiacta
1167 1726 1255 1770 tela
1283 1727 1500 1770 testudine
1528 1726 1786 1779 laberentur,
1821 1726 1960 1780 ipsam

323 1902 340 1931 1
366 1900 514 1939 legion&
536 1899 662 1943 (notam
676 1901 736 1931 del.
757 1899 834 1942 lm.)
851 1901 980 1940 ligones
1003 1901 1173 1933 Rhenanus
1243 1902 1263 1932 2
1286 1901 1396 1942 capita
1419 1911 1458 1932 ex
1473 1904 1580 1942 sapita
1595 1912 1677 1932 eor-r.
1698 1902 1759 1931 lm.
1831 1900 1851 1929 3
1868 1899 1960 1929 fluui-

183 1947 308 1985 tnntEq,
386 1948 407 1977 4
432 1946 602 1984 contisque
625 1946 719 1977 dett..-
742 1945 871 1988 Ecitisq3
962 1948 1077 1987 chale
1102 1948 1137 1989 (g
1159 1957 1313 1987 super-scr.
1341 1946 1418 1987 lm.)
1488 1950 1508 1979 5
1533 1951 1726 1986 eficustrage
1758 1945 1813 1986 (cu
1828 1945 1960 1984 ptmctis

183 2002 246 2034 del.
271 2004 349 2042 ln.)
441 2005 459 2035 '1
486 2004 592 2034 bormi
617 2013 658 2035 ne
728 2004 848 2034 traditi
874 2004 909 2046 (ἰ
924 2003 986 2033 del.
1005 2004 1082 2045 lm.)
1175 2006 1194 2034 8
1219 2005 1350 2044 potiora
1443 1994 1629 2046 ,Eplunius
1723 2004 1741 2033 9
1768 2002 1959 2034 discreuerit

183 2048 243 2081 ud
272 2058 357 2080 corr.
391 2050 452 2079 ln.
549 2051 588 2080 11
614 2049 699 2080 Inixi
795 2052 836 2082 1³
860 2049 996 2089 integris
1092 2052 1132 2081 17
1158 2051 1343 2091 superiecta
1379 2051 1452 2083 dett.
1491 2050 1724 2095 (superiactata
1759 2049 1807 2081 ed.
1834 2048 1958 2087 princ.)

184 2095 226 2126 de
248 2095 412 2126 testudine
434 2094 534 2126 Halm

183 2276 267 2307 quae
278 2266 449 2307 spectabat
459 2266 549 2297 viam
559 2267 705 2298 Brixiam
716 2267 896 2298 ducentem.
910 2266 1047 2299 Dumm.
1084 2268 1222 2307 insignis
1247 2271 1298 2299 est
1314 2266 1529 2311 βραχυλογία,
1555 2277 1620 2307 qua
1636 2267 1735 2298 facile
1751 2266 1956 2306 intelligitur,

182 2341 228 2348 —
249 2323 387 2364 lenione
401 2341 444 2347 —
458 2321 579 2367 etalii]
601 2323 679 2354 item
703 2333 731 2354 c.
757 2326 798 2355 31
824 2323 890 2354 iam
913 2323 1049 2363 leqioms
1085 2326 1175 2356 clare
1199 2335 1219 2355 a
1243 2325 1381 2355 ducibus
1404 2325 1600 2364 promissam
1633 2328 1731 2363 atque
1766 2332 1956 2354 concessam

182 2382 219 2412 in
238 2376 425 2412 “wadium
448 2379 709 2420 alomerabantur
729 2384 759 2411 et
782 2380 845 2411 alii
864 2381 929 2412 tela
952 2391 1049 2412 saxa-
1084 2392 1156 2414 esse
1179 2382 1338 2413 militibus
1363 2382 1479 2422 oppidi
1506 2381 1736 2421 direptionem.

182 2448 242 2479 que
271 2438 473 2470 eneueiebm.
517 2438 608 2469 nolui
640 2437 740 2477 igitur
783 2447 855 2469 cum
888 2438 1046 2469 Bhenano
1130 2441 1184 2471 28.
1211 2437 1378 2483 Hormine]
1412 2439 1453 2470 cf.
1490 2449 1517 2470 c.
1555 2440 1606 2470 12.
1645 2456 1686 2462 -
1717 2438 1756 2468 id
1785 2433 1955 2479 inqenm]

179 2495 300 2535 linones
334 2495 496 2527 scribere:
541 2495 700 2534 legiones,
735 2495 854 2534 quihus
887 2495 1048 2526 Antonius
1081 2497 1250 2527 inventum
1266 2520 1274 2535 ,
1310 2496 1528 2535 excogitatum
1560 2496 1714 2535 ingenio,
1749 2499 1787 2525 ut
1820 2497 1851 2533 2,
1889 2496 1954 2526 71:

181 2553 309 2584 vallum
343 2556 522 2593 portasque
555 2552 779 2589 adtribuent,
814 2552 968 2584 dolabras
992 2551 1047 2596 (cf.
1084 2558 1184 2584 cetero
1208 2552 1414 2583 Neronianae
1437 2552 1532 2583 aulae
1555 2552 1691 2590 inqendo
1716 2552 1847 2583 Plinius
1871 2542 1969 2582 Pan.¹

181 2620 211 2643 c.
236 2611 295 2650 20)
318 2610 361 2641 ad
385 2609 653 2650 perfringendam
676 2612 880 2640 convectant.
906 2609 1047 2640 vocabu·
1084 2612 1138 2641 49.
1173 2610 1330 2649 exquisita
1352 2610 1481 2649 inyem'a
1505 2619 1664 2641 cenarum.
1710 2609 1828 2648 quibus
1861 2609 1954 2647 locis,

180 2668 249 2699 lum
270 2667 335 2707 lfao
358 2677 519 2706 nusquam
552 2667 639 2707 apud
671 2667 819 2698 Tacitum
852 2666 980 2706 legitur.
1005 2684 1048 2689 —
1084 2672 1119 2698 ut
1142 2668 1227 2706 huic,
1251 2668 1286 2698 in
1312 2676 1376 2706 quo
1403 2676 1582 2706 versamur,
1615 2667 1699 2698 inest
1730 2666 1841 2697 nescio
1869 2675 1953 2705 quae

179 2724 374 2765 metant]
398 2725 498 2764 Verg.
509 2726 590 2756 Aen.
606 2726 638 2763 7,
663 2725 728 2755 749
754 2722 949 2755 Commetare
962 2724 1052 2754 emat
1085 2726 1200 2756 ironia.
1225 2743 1267 2748 —
1293 2722 1464 2767 Messalla]
1502 2724 1693 2763 Vipstanus.
1726 2724 1766 2754 cf.
1799 2733 1825 2753 c.
1851 2725 1883 2754 9.
1909 2741 1952 2747 -

174 2783 322 2823 pmedas
339 2786 370 2813 et
384 2782 486 2813 vivere
501 2786 607 2821 rapto.
624 2799 667 2804 —
683 2780 847 2821 temdum]
867 2781 1049 2812 evidentem
1086 2781 1119 2813 Ο.
1135 2779 1274 2825 Ηίπάιο]
1299 2785 1434 2812 naturae
1459 2781 1667 2812 historiarum
1686 2781 1836 2820 scriptor,
1861 2781 1953 2812 cuius

181 2840 260 2871 talis
281 2840 455 2871 testudinis
479 2839 657 2878 imaginem
682 2838 816 2878 praebet
839 2837 992 2868 Lucanus
1016 2838 1049 2875 3,
1085 2843 1161 2870 tune
1195 2839 1368 2871 exstabunt
1408 2838 1505 2869 etium
1543 2839 1573 2868 A
1612 2838 1676 2876 fine
1710 2837 1825 2877 Aufidi
1853 2837 1957 2868 Bassi

179 2898 269 2929 4¹14:
305 2897 346 2928 Ue
367 2901 472 2928 tamen
494 2896 621 2927 hosfflee
645 2895 746 2926 densa
767 2894 920 2926 testudine
943 2903 1049 2925 maros

184 2953 281 2985 Tecta
312 2953 396 2984 nubit
427 2955 547 2991 vio-tus,
582 2953 743 2992 annisque
775 2952 893 2982 iuna-a
920 2951 1067 2994 priores¹

180 3011 284 3041 Ama
293 3011 421 3050 ferunt,
443 3011 630 3050 paleamque
641 3015 787 3041 extensus
792 3009 932 3050 pracepit
946 3007 1046 3038 umbo.

180 3068 221 3097 ef.
257 3067 330 3098 Liv.
363 3069 418 3105 44,
453 3070 486 3100 9.
529 3069 593 3099 Dio
627 3069 688 3105 49,
723 3069 775 3099 30.
810 3083 854 3090 -—
885 3066 1047 3096 Romame

179 3124 336 3162 nitri-eque
357 3122 457 3168 anea]
483 3125 599 3156 Livius
623 3127 654 3163 5,
692 3125 746 3163 2⁷,
772 3126 791 3155 8
816 3134 872 3163 eqo
895 3122 1047 3153 Romanis

181 3179 316 3219 are-zm,
339 3180 464 3219 viv-trae,
487 3191 589 3222 opere,
614 3181 907 3213 amis—vineam
920 3182 974 3218 42,
993 3181 1046 3216 47,

181 3238 202 3267 4
226 3241 343 3269 veteres
375 3243 404 3268 et
433 3239 532 3270 moris
562 3240 689 3278 antiqui
720 3248 868 3270 memores
890 3237 1048 3276 neyabant

181 3303 214 3325 ae
229 3312 274 3317 —
297 3294 459 3326 ananae
482 3305 652 3335 agnoscere
684 3301 782 3329 artes.
810 3314 849 3319 —
875 3296 1048 3325 incesserat

181 3349 354 3396 cunctatio]
391 3353 468 3391 quia
501 3354 604 3383 multu
643 3357 792 3392 strages,
836 3353 980 3383 timidior
1017 3355 1048 3382 et

181 3408 385 3439 cunctantior
407 3409 471 3440 iam
495 3409 598 3441 miles.
625 3410 788 3441 Llrsms.
801 3427 844 3433 --
863 3409 1048 3440 Cremonam

180 3465 416 3506 Manent]
459 3475 557 3504 quem
593 3466 735 3506 diripere
772 3466 863 3498 illico
907 3469 1048 3506 possent.

1086 2897 1203 2927 XXXI.
1236 2896 1320 2927 Plin.
1354 2895 1438 2935 Epp.
1475 2897 1504 2933 3,
1538 2896 1570 2925 5.
1594 2913 1639 2918 -
1660 2892 1824 2938 iteratam]
1858 2895 1950 2925 resti-

1065 2957 1205 2993 .tutam,
1239 2956 1412 2992 postquam
1446 2952 1579 2982 disiecta
1614 2956 1690 2982 erat.
1725 2962 1754 2984 c.
1788 2952 1841 2982 2⁷.
1885 2961 1950 2982 non

1064 2997 1256 3051 {sig-nificat,
1281 3013 1316 3040 ut
1340 3009 1492 3040 credebat
1508 3009 1641 3049 Lipsius
1668 3009 1842 3040 Poliorcet.
1864 3011 1894 3048 1,
1918 3010 1950 3047 5,

1085 3068 1219 3099 »tertios
1243 3076 1340 3106 super
1364 3066 1527 3105 duplicem
1562 3069 1726 3097 scutorum
1759 3066 1875 3096 seriem
1898 3075 1949 3096 es-

1083 3124 1266 3155 condisse«.
1278 3141 1320 3146 —
1334 3122 1420 3154 omni
1434 3123 1570 3161 imaqine
1586 3120 1745 3166 mortem]
1771 3132 1949 3162 ›generum

1082 3182 1229 3213 mortiu.
1262 3180 1452 3210 meminerat
1477 3179 1654 3218 Vergiliani
1687 3179 1778 3210 illius
1810 3181 1891 3211 Aen.
1916 3182 1948 3217 2,

1083 3239 1167 3271 369:
1202 3237 1316 3276 ubique
1334 3247 1441 3277 pavor
1473 3242 1502 3268 et
1519 3237 1663 3277 plurima
1697 3236 1808 3267 mor-tin
1832 3237 1945 3275 ἐπιαρο,

1064 3295 1146 3348 μείω
1170 3294 1313 3334 Thucyd.
1340 3295 1371 3331 3,
1400 3285 1460 3324 81:>
1491 3292 1584 3326 πᾶσα
1618 3292 1693 3327 ἰδέα
1716 3292 1864 3335 κατέστη
1889 3293 1947 3326 Βα-

1064 3349 1191 3384 ’νᾶτεκι
1217 3351 1297 3383 ibid.
1324 3352 1384 3382 98:
1408 3348 1503 3382 πᾶσα
1527 3347 1601 3383 ἰδέα
1625 3348 1775 3392 κατέστη
1799 3349 1863 3388 τῖ’-ς
1886 3361 1946 3393 φυ-

1064 3406 1149 3451 ξγῆς
1173 3405 1232 3440 καὶ
1255 3406 1315 3440 τοῦ
1340 3402 1514 3447 ὀλέθρου.)

1130 3467 1182 3496 29.
1208 3461 1429 3507 eeptssnaeque]
1456 3463 1648 3496 Galbianae.
1677 3482 1717 3488 ——
1753 3464 1947 3505 uper-iada]
