2176 3672
606 317 778 363 LIBER
805 318 861 363 II.
921 317 1021 374 Cap.
1051 318 1119 364 55.
1152 318 1218 363 56.
1249 319 1318 363 57.
1348 319 1415 363 58.
1445 319 1513 363 59.
1858 321 1942 364 355

179 432 350 475 nomina
387 432 696 487 supplerentur.
741 446 844 477 cura
882 435 1003 488 ripae
1044 434 1285 478 Hordeonio
1324 435 1475 478 Flacco
1514 436 1744 488 permissa;
1787 436 1880 490 ipse
1918 449 1942 478 e

178 511 424 556 Britannico
445 513 633 567 exercitu
651 513 817 557 delecta
836 517 932 557 octo
959 514 1078 556 milia
1107 514 1187 557 sibi
1216 515 1417 557 adiunxit.
1461 518 1505 558 et
1523 527 1755 568 paucorum
1776 515 1941 558 dierum

179 591 262 635 iter
299 604 550 646 progressus
588 606 814 647 prosperas
855 595 970 648 apud
999 594 1251 637 Bedriacum
1289 607 1357 637 res
1388 606 1437 637 ac
1465 598 1603 638 morte
1632 595 1812 637 Othonis
1843 607 1942 638 con-

179 671 333 715 cidisse
369 671 526 715 bellum
564 674 749 727 accepit:
790 677 941 717 vocata
977 675 1169 718 contione
1198 675 1400 717 virtutem
1429 674 1613 717 militum
1641 674 1839 718 laudibus
1870 687 1942 718 cu-

177 751 324 794 mulat.
369 752 611 806 postulante
642 753 842 806 exercitu,
871 757 922 796 ut
949 753 1146 797 libertum
1176 767 1300 797 suum
1321 754 1557 797 Asiaticum
1587 755 1775 808 equestri
1805 755 1940 808 digni·
1979 763 1998 792 5

177 833 270 874 tate
298 831 485 885 donaret,
514 831 778 875 inhonestam
807 833 1092 877 adulationem
1113 834 1350 887 conpescit:
1380 834 1476 876 dein
1506 833 1743 876 mobilitate
1771 835 1942 887 ingenii,

177 910 291 964 quod
317 910 459 964 palam
489 911 708 964 abnuerat,
737 913 848 956 inter
877 917 1040 956 secreta
1070 914 1250 956 convivii
1278 913 1459 967 largitur
1487 913 1793 968 honoravitque
1819 915 1942 957 Asia-

175 989 307 1032 ticum
334 990 486 1044 anulis,
514 990 684 1035 foedum
712 993 967 1047 mancipium
998 996 1042 1036 et
1070 993 1194 1036 malis
1223 993 1387 1036 artibus
1418 993 1700 1036 ambitiosum.

289 1068 384 1125 (58)
414 1071 554 1114 Isdem
575 1072 724 1115 diebus
747 1073 975 1116 accessisse
996 1074 1191 1127 partibus
1211 1076 1436 1127 utramque
1457 1073 1779 1126 Mauretaniam,
1810 1074 1940 1116 inter-

175 1147 286 1192 fecto
326 1154 603 1204 procuratore
642 1151 816 1205 Albino,
858 1154 996 1196 nuntii
1037 1166 1200 1196 venere.
1246 1153 1452 1196 Lucceius
1492 1152 1671 1196 Albinus
1710 1166 1737 1195 a
1775 1152 1941 1196 Nerone
1956 1165 1997 1195 10

174 1229 467 1274 Mauretaniae
486 1231 752 1275 Caesariensi
781 1234 1061 1287 praepositus,
1092 1233 1240 1276 addita
1268 1245 1345 1286 per
1366 1232 1543 1275 Galbam
1564 1233 1815 1286 Tingitanae
1843 1246 1941 1287 pro·

174 1309 336 1354 vinciae
364 1311 751 1366 administratione,
790 1312 906 1355 haud
934 1313 1181 1367 spernendis
1210 1312 1370 1355 viribus
1403 1313 1567 1366 agebat.
1617 1313 1758 1356 decem
1789 1326 1940 1356 novem

174 1389 379 1443 cohortes,
409 1391 594 1446 quinque
613 1391 719 1445 alae,
750 1392 897 1446 ingens
916 1393 1161 1436 Maurorum
1190 1404 1389 1435 numerus
1418 1393 1579 1445 aderat,
1609 1405 1686 1446 per
1714 1393 1940 1436 latrocinia

173 1471 218 1512 et
246 1473 395 1523 raptus
423 1474 526 1524 apta
554 1471 664 1514 bello
694 1484 855 1515 manus.
901 1485 1023 1516 caeso
1044 1472 1181 1516 Galba
1208 1473 1251 1515 in
1272 1472 1479 1515 Othonem
1508 1485 1668 1526 pronus
1698 1485 1774 1515 nec
1793 1472 1940 1515 Africa

171 1551 394 1592 contentus
433 1550 664 1604 Hispaniae
707 1555 888 1606 angusto
926 1551 1037 1596 freto
1077 1553 1314 1607 diremptae
1354 1552 1608 1595 imminebat.
1655 1553 1753 1595 inde
1793 1552 1940 1595 Cluvio
1956 1565 1996 1595 15

171 1627 282 1671 Rufo
319 1633 479 1683 metus;
520 1634 564 1673 et
593 1632 798 1675 decimam
826 1632 1034 1687 legionem
1063 1633 1349 1687 propinquare
1389 1633 1505 1675 litori
1534 1636 1583 1675 ut
1611 1633 1938 1676 transmissurus

171 1708 308 1752 iussit.
352 1710 576 1763 praemissi
596 1713 872 1766 centuriones,
903 1713 977 1767 qui
998 1712 1243 1755 Maurorum
1273 1713 1434 1755 animos
1454 1712 1627 1755 Vitellio
1649 1712 1937 1765 conciliarent,

171 1800 308 1843 neque
348 1790 528 1833 arduum
565 1790 648 1833 fuit
687 1804 840 1846 magna
880 1805 958 1846 per
999 1793 1237 1847 provincias
1276 1792 1518 1835 Germanici
1559 1793 1767 1835 exercitus
1810 1792 1935 1836 fama.

171 1868 452 1922 spargebatur
479 1870 654 1925 insuper
682 1876 827 1926 spreto
855 1873 1147 1926 procuratoris
1177 1871 1382 1916 vocabulo
1401 1872 1600 1915 Albinum
1630 1873 1794 1927 insigne
1823 1874 1936 1927 regis

173 1952 217 1991 et
244 1948 375 1992 Iubae
403 1962 554 1993 nomen
584 1963 801 2006 usurpare.
862 1953 956 2007 (59)
994 1953 1057 1995 ita
1085 1953 1262 1995 mutatis
1292 1953 1444 1995 animis
1473 1953 1647 1996 Asinius
1676 1952 1812 1995 Pollio
1842 1953 1937 1995 alae
1951 1965 1994 1995 20

170 2027 430 2082 praefectus,
460 2042 484 2072 e
512 2029 730 2074 fidissimis
759 2032 934 2086 Albino,
965 2036 1008 2075 et
1035 2032 1189 2075 Festus
1219 2045 1268 2075 ac
1298 2032 1438 2086 Scipio
1468 2032 1704 2075 cohortium
1733 2032 1936 2086 praefecti

264 2213 280 2242 1
312 2211 457 2256 nomina]
482 2214 607 2245 numeri
632 2212 804 2245 Acidalizw
895 2216 1002 2246 curari
1027 2216 1222 2255 peordeonio
1255 2214 1345 2257 (post
1369 2226 1387 2255 e
1410 2225 1567 2255 superse-r.
1591 2216 1613 2246 h
1641 2214 1704 2257 lm)
1798 2218 1816 2247 2
1853 2216 1932 2246 brit—

171 2257 300 2288 tannico
393 2260 535 2290 exercitu
567 2260 644 2291 add.
668 2261 813 2292 Heraeus
905 2262 1070 2292 adiuncxit
1170 2264 1188 2293 6
1224 2263 1397 2292 inhonesta
1488 2264 1506 2293 7
1533 2262 1603 2292 'cuii
1695 2262 1934 2300 honoravitque

169 2303 219 2333 ed.
237 2304 366 2343 princ..-
389 2305 578 2344 onerauitq3
602 2307 830 2346 (honerauitq3
854 2317 886 2344 a,
911 2308 1085 2347 ornauitq3
1110 2309 1209 2347 alim)
1303 2309 1323 2338 Β
1357 2308 1434 2346 sedfi
1526 2308 1569 2338 10
1594 2307 1703 2337 aluino
1798 2311 1837 2338 11
1863 2313 1934 2338 tan-

169 2349 280 2388 gitane
374 2352 416 2381 12
451 2351 582 2382 XVIIII
615 2352 785 2383 deteriores
818 2353 944 2394 (decem
969 2358 1001 2384 et
1024 2363 1143 2384 novem
1166 2354 1259 2383 Bac-h
1283 2358 1312 2383 et
1335 2354 1455 2391 maer,
1492 2354 1697 2391 undeviginti
1730 2352 1876 2390 Walmer,
1899 2359 1934 2384 ut

171 2393 260 2425 Ami.
288 2397 340 2434 12,
365 2394 425 2439 56)
521 2399 562 2429 13
593 2400 748 2429 numerfis
773 2398 894 2441 (notam
918 2398 978 2429 del.
1004 2397 1067 2442 lm)
1162 2402 1202 2430 14
1228 2398 1311 2430 Ceso
1403 2398 1565 2430 Othonem
1589 2399 1778 2429 Rhenanus.-
1812 2399 1932 2430 othone

172 2441 387 2480 15.hispanie
479 2444 520 2474 21
547 2441 578 2486 e]
604 2448 636 2475 et
659 2445 707 2484 (et
730 2444 905 2475 fidissimus
930 2445 977 2475 ed.
996 2443 1118 2487 princ.)

168 2600 275 2642 ripae]
310 2601 436 2640 Rheni,
473 2605 504 2632 et
537 2602 668 2641 quidem
701 2606 776 2641 post
799 2602 924 2634 Vitellii
958 2613 1031 2642 pro·
1113 2605 1166 2635 58.
1213 2609 1380 2643 utramque
1403 2602 1652 2647 Mauretaniam]
1685 2604 1725 2634 cf.
1754 2606 1782 2642 1,
1810 2606 1863 2635 11.
1887 2622 1931 2628 -—

170 2657 342 2688 sectionem
366 2657 400 2688 in
423 2661 560 2697 utraque
584 2658 769 2690 Germania.
793 2677 838 2683 -
862 2670 878 2690 e
900 2660 1032 2691 Britan·
1066 2660 1156 2690 haud
1177 2661 1359 2700 spernendis
1391 2659 1523 2704 viribus]
1557 2671 1584 2692 c.
1603 2663 1644 2692 81
1671 2670 1830 2691 accessere
1862 2672 1930 2691 cum

169 2713 242 2745 nico
257 2712 407 2758 exercitu]
433 2725 460 2746 c.
482 2715 546 2747 100
571 2726 639 2746 cum
654 2716 831 2747 veaefflariie
846 2717 941 2747 trium
959 2718 1032 2747 Bri-
1066 2727 1161 2756 reqno
1185 2717 1358 2748 Sohaemus
1380 2718 1469 2748 haud
1490 2718 1673 2757 xpemendis
1696 2717 1832 2757 viribus,
1857 2717 1929 2748 An-

170 2771 372 2802 tanm'earum
386 2772 549 2811 leyt'onum.
577 2776 607 2811 3,
626 2774 669 2805 22
693 2784 761 2804 cum
783 2774 908 2804 vexillis
930 2784 1032 2805 nonae
1066 2774 1187 2804 tiochue
1220 2776 1347 2805 vetustis
1378 2775 1489 2814 opibus
1520 2775 1639 2814 inqens.
1666 2793 1710 2798 —
1746 2774 1850 2804 decem
1873 2785 1929 2805 no-

171 2827 386 2867 eecnmdaeque
416 2834 446 2860 et
475 2830 662 2861 vicensimae
697 2831 959 2862 Britannicarum
993 2832 1033 2862 le-
1066 2830 1143 2871 vem]
1167 2832 1214 2862 sic
1237 2832 1351 2862 Livius
1375 2834 1430 2872 38,
1455 2834 1509 2870 33,
1536 2834 1576 2863 12
1602 2832 1705 2863 decem
1729 2836 1851 2871 septem.
1888 2832 1930 2862 cf.

170 2884 306 2922 qimam.
340 2903 384 2909 -—
418 2888 558 2926 equestri
586 2886 751 2931 dimicate]
787 2888 841 2919 Sic
864 2890 964 2919 Inscr.
989 2898 1033 2919 m.
1068 2887 1177 2918 Sirker
1201 2889 1277 2918 Tac.
1294 2889 1529 2920 Formenlehre
1553 2899 1584 2928 p.
1606 2891 1661 2920 40.
1687 2907 1729 2912 —
1747 2899 1810 2928 per
1832 2889 1930 2920 latro-

171 2939 244 2972 Lat.
267 2942 310 2972 N.
327 2944 434 2974 3049:
459 2945 496 2974 L.
522 2943 702 2976 AOONIO.
728 2946 768 2975 A.
787 2946 842 2975 DI
846 2945 908 2975 VO.
931 2945 1033 2976 TRA-
1067 2944 1153 2975 cinia
1185 2949 1215 2975 et
1244 2944 1370 2988 raptus]
1407 2946 1484 2976 item
1511 2948 1547 2983 1,
1571 2947 1627 2977 46.
1658 2962 1702 2968 —
1738 2945 1928 2985 Hispaniae]

171 2996 293 3029 IANO.
325 2999 397 3030 EX.
424 3001 617 3032 MILITIA.
651 3002 712 3034 IN.
738 3002 1030 3039 EQVESTREM.
1069 3011 1153 3041 quae
1178 3002 1303 3034 Vitellii
1336 3006 1446 3042 partes
1477 3003 1628 3041 amplexa
1651 3006 1730 3033 erat.
1755 3020 1798 3026 —
1831 3002 1931 3032 immi-

173 3053 484 3089 DIGNJTATEM.
523 3058 819 3097 TRANSLATO„
855 3068 938 3098 quae
969 3060 1031 3089 sor·
1069 3057 1175 3102 nebat]
1201 3059 1430 3097 minitabatur,
1465 3069 1535 3091 eam
1560 3063 1774 3099 occupaturus
1797 3059 1930 3090 videba-

173 3110 263 3141 mul·
294 3111 374 3143 ibid.
397 3114 437 3144 N.
457 3115 544 3146 3048
576 3116 622 3147 ita
645 3116 810 3147 varietur:
849 3115 884 3146 Τ.
910 3116 1032 3146 AVRI-
1066 3120 1128 3147 tur.
1152 3133 1197 3139 -
1222 3115 1331 3146 OEuvio
1355 3116 1452 3156 Ruso]
1476 3117 1516 3147 de
1541 3126 1604 3155 quo
1631 3119 1662 3156 1,
1680 3118 1710 3148 8.
1731 3117 1783 3146 ⁷6.
1809 3133 1853 3139 —
1877 3115 1931 3146 de-

173 3166 262 3197 DIO.
285 3185 328 3192 —
352 3168 428 3201 AB.
467 3171 521 3201 IN
526 3171 787 3203 VIOTJSSIMO.
808 3167 918 3204 'IMR
958 3173 1031 3203 ΝΟ·
1067 3174 1179 3203 cimam
1210 3171 1374 3216 lessionem]
1409 3173 1590 3203 Geminam.
1623 3191 1666 3196 ——
1702 3172 1810 3212 Iubae]
1845 3173 1929 3203 cele-

172 3221 295 3254 81'120.
347 3224 561 3260 TRAIANO.
609 3248 652 3254 —
700 3230 759 3260 IN.
811 3229 1030 3260 ORDINEM.
1069 3230 1195 3260 brutum
1230 3229 1450 3260 Mauretaniae
1481 3239 1593 3267 regum
1629 3238 1747 3260 nomen
1782 3238 1840 3268 per
1876 3230 1928 3259 Iu-

172 3279 326 3316 EQVJT.
364 3282 532 3317 ROMAN.
572 3285 779 3318 ADSC'JTO.
821 3305 864 3310 —
912 3284 1030 3328 anulis]
1066 3287 1142 3317 bam
1167 3287 1190 3317 1.
1220 3286 1452 3325 Pompeianum
1484 3286 1578 3317 illum
1612 3288 1708 3324 atque
1733 3285 1847 3316 labam
1872 3286 1927 3324 11.,

172 3337 316 3375 equitum
336 3338 556 3372 Romanorum
579 3342 711 3382 insigni,
736 3353 799 3383 quo
824 3344 900 3375 item
926 3343 1031 3374 Galba
1066 3343 1288 3374 doctissimum
1326 3343 1524 3382 principem,
1571 3346 1698 3382 patrem
1736 3342 1927 3379 Ptolemaei,

172 3393 292 3424 Icelum
318 3394 468 3428 libertum
492 3398 638 3430 donarat.
665 3397 710 3443 (1,
737 3400 806 3443 13.)
1065 3400 1169 3431 ultimi
1193 3400 1414 3431 Mauretaniae
1438 3400 1535 3439 regis,
1562 3409 1582 3430 a
1605 3399 1758 3438 Caligula
1782 3398 1888 3429 occisi.
