2176 3672
676 229 850 274 LIBER
877 230 910 273 Ι.
971 229 1072 285 Cap.
1103 229 1170 273 61.
1200 230 1268 273 62.
1299 230 1365 273 63.
1396 228 1463 273 64.
1874 228 1951 271 281

183 357 318 400 pavor
340 345 507 398 terruit,
537 345 675 399 raptis
696 347 873 399 repente
901 344 1031 387 armis
1061 345 1117 386 ad
1148 346 1319 387 caedem
1347 345 1542 388 innoxiae
1571 344 1770 397 civitatis,
1799 357 1881 386 non
1904 343 1957 386 ob

184 425 388 480 praedam
425 428 502 468 aut
537 423 749 479 spoliandi
790 424 1009 479 cupidine,
1050 428 1118 467 set
1145 424 1289 467 furore
1325 428 1368 468 et
1397 424 1515 468 rabie
1544 428 1588 467 et
1617 425 1756 467 causis
1785 424 1958 466 incertis

185 517 318 561 eoque
346 503 655 548 difficilioribus
684 504 883 547 remediis
896 538 906 557 ,
947 505 1080 547 donec
1119 505 1316 558 precibus
1347 505 1467 548 ducis
1496 505 1684 558 mitigati
1711 504 1764 547 ab
1795 504 1958 547 excidio

185 585 371 630 civitatis
411 588 722 639 temperavere:
766 596 889 627 caesa
928 587 1070 627 tamen
1100 585 1156 627 ad
1184 588 1390 639 quattuor
1419 585 1537 627 milia
1564 585 1792 628 hominum.
1838 584 1959 639 isque

183 667 323 708 terror
351 663 513 708 Gallias
551 664 726 717 invasit,
768 667 818 706 ut
846 664 1031 707 venienti
1071 678 1166 707 mox
1198 666 1355 718 agmini
1385 666 1608 708 universae
1637 665 1833 708 civitates
1864 676 1957 707 cum
1995 672 2015 702 5

183 744 507 799 magistratibus
537 747 580 787 et
608 744 805 798 precibus
835 747 1118 798 occurrerent,
1149 746 1298 788 stratis
1317 758 1395 800 per
1417 747 1509 788 vias
1530 744 1698 788 feminis
1717 745 1958 799 puerisque,

183 836 376 880 quaeque
405 823 491 868 alia
518 823 787 879 placamenta
815 824 984 869 hostilis
1014 825 1105 868 irae
1132 839 1215 868 non
1239 826 1410 880 quidem
1438 826 1482 868 in
1507 825 1617 868 bello
1646 826 1724 868 sed
1744 838 1823 879 pro
1853 837 1959 879 pace

181 903 477 948 tendebantur,
538 903 631 959 (64)
662 906 857 948 nuntium
889 906 942 948 de
972 906 1100 948 caede
1133 904 1295 948 Galbae
1324 908 1367 948 et
1396 906 1573 960 imperio
1595 905 1776 948 Othonis
1798 904 1957 948 Fabius

180 983 339 1028 Valens
367 985 411 1027 in
441 985 615 1028 civitate
642 985 880 1028 Leucorum
911 986 1086 1039 accepit.
1130 997 1207 1028 nec
1245 985 1429 1028 militum
1467 986 1632 1028 animus
1672 985 1715 1027 in
1754 985 1958 1039 gaudium

182 1067 260 1127 aut
286 1063 511 1108 formidine
549 1068 788 1119 permotus:
827 1065 984 1108 bellum
1013 1065 1221 1108 volvebat.
1281 1064 1416 1108 Gallis
1447 1065 1661 1108 cunctatio
1691 1068 1886 1119 exempta
1915 1068 1958 1107 et
1972 1075 2016 1105 10

181 1144 226 1187 in
263 1127 473 1187 Othonem
515 1157 565 1187 ac
601 1144 822 1188 Vitellium
862 1146 1007 1188 odium
1044 1158 1146 1200 par,
1187 1157 1238 1187 ex
1276 1145 1449 1188 Vitellio
1489 1149 1533 1188 et
1571 1148 1720 1188 metus.
1765 1145 1959 1199 proxima

181 1223 420 1279 Lingonum
449 1224 599 1267 civitas
629 1228 724 1268 erat
751 1223 838 1268 fida
866 1225 1073 1279 partibus.
1117 1225 1295 1279 benigne
1314 1225 1480 1278 excepti
1499 1226 1710 1268 modestia
1730 1229 1956 1268 certavere.

181 1305 259 1348 sed
297 1303 437 1347 brevis
477 1304 645 1347 laetitia
684 1304 769 1348 fuit
807 1304 1044 1347 cohortium
1085 1305 1354 1359 intemperie,
1395 1318 1502 1360 quas
1539 1318 1565 1347 a
1601 1305 1766 1359 legione
1804 1309 1959 1360 quarta

182 1384 367 1437 decima,
408 1387 458 1426 ut
487 1397 619 1438 supra
647 1385 972 1428 memoravimus
985 1419 995 1438 ,
1027 1385 1242 1439 digressas
1273 1386 1477 1428 exercitui
1507 1398 1584 1428 suo
1613 1385 1772 1428 Fabius
1800 1385 1958 1429 Valens

182 1464 445 1507 adiunxerat.
483 1465 624 1518 iurgia
652 1465 849 1518 primum,
879 1478 977 1507 mox
1006 1465 1100 1507 rixa
1129 1465 1240 1508 inter
1268 1465 1456 1508 Batavos
1487 1468 1530 1508 et
1557 1466 1825 1520 legionarios,
1855 1466 1957 1508 dum
1971 1476 2013 1508 15

180 1543 248 1586 his
278 1546 355 1586 aut
382 1543 468 1586 illis
497 1545 643 1587 studia
670 1545 856 1588 militum
887 1545 1189 1599 adgregantur,
1219 1558 1355 1599 prope
1383 1547 1426 1588 in
1447 1546 1656 1600 praelium
1677 1558 1884 1598 exarsere,
1913 1546 1958 1588 ni

181 1622 338 1667 Valens
353 1625 718 1668 animadversione
739 1637 974 1679 paucorum
990 1624 1145 1668 oblitos
1166 1626 1251 1669 iam
1266 1625 1452 1669 Batavos
1473 1626 1641 1680 imperii
1656 1627 1957 1669 admonuisset.

276 1833 292 1862 1
319 1832 422 1871 raptis
444 1835 579 1872 repente
603 1831 674 1863 ab:
697 1832 839 1872 raptisae
861 1830 866 1874 Ι
887 1835 1025 1873 repente
1050 1831 1104 1874 (ae
1127 1832 1162 1863 in
1181 1832 1245 1871 fine
1268 1842 1377 1863 versus
1395 1843 1459 1872 per
1481 1842 1620 1863 errorem
1642 1832 1775 1863 additae
1799 1837 1880 1871 suut,
1905 1833 1956 1863 de-

182 1877 295 1908 tendas
328 1887 396 1908 esse
429 1883 588 1909 corrector
617 1878 734 1909 lineola
766 1878 802 1908 in
823 1878 881 1909 litt.
908 1889 925 1909 e
956 1878 1113 1909 indwavzt
1145 1878 1186 1918 ‘f-
1211 1889 1293 1918 quae
1324 1879 1363 1909 de
1385 1879 1444 1909 hoc
1466 1879 1535 1910 loco
1558 1879 1593 1909 in
1615 1878 1817 1909 Fleckeiseni
1846 1879 1956 1909 annal.

182 1935 214 1954 a.
241 1924 329 1955 1882
345 1934 381 1963 p.
403 1925 466 1955 138
491 1924 665 1965 elimatam)
690 1925 865 1963 derepente
890 1924 936 1955 Io.
961 1925 1018 1955 st.
1045 1925 1228 1957 Gronovius
1297 1925 1377 1955 cede
1447 1927 1466 1956 2
1492 1925 1645 1964 cupidine
1676 1930 1786 1955 notam
1817 1924 1876 1955 del.
1905 1928 1955 1956 lm

183 1967 246 2013 set]
272 1973 305 2000 et
389 1970 499 2001 surore
531 1975 639 2002 notam
661 1970 722 2000 del.
749 1973 799 2001 lm
882 1970 976 2010 rabie
1059 1973 1081 2002 4
1115 1968 1171 2014 ad]
1199 1980 1219 2001 a
1306 1971 1325 2000 9
1361 1971 1530 2001 leucorum
1562 1970 1610 2001 ed.
1628 1971 1735 2010 princ.
1748 1981 1759 2001 :
1781 1971 1956 2001 leuchrorfi

184 2017 228 2047 10
261 2014 434 2047 formidine
458 2017 510 2047 2m
600 2016 780 2047 volvebant
801 2015 953 2047 Heinsius
976 2016 1148 2055 (volebant
1172 2016 1345 2056 Graeviw)
1439 2014 1485 2059 et]
1512 2020 1562 2047 est
1585 2017 1704 2055 Halm,
1729 2017 1851 2047 etenim
1874 2016 1955 2056 Nip-

174 2060 300 2101 perdey
371 2063 412 2093 12
438 2053 580 2101 ex'cepiti
604 2061 671 2105 (pr.
696 2062 708 2092 i
732 2061 791 2093 dez.
819 2062 885 2102 im)
956 2063 998 2093 13
1022 2063 1188 2103 IntEpex-iq
1211 2064 1333 2103 (notam
1355 2062 1446 2102 mssa
1470 2073 1487 2094 e
1511 2062 1572 2093 aaz.
1599 2064 1664 2102 2m)
1737 2061 1837 2104 13114
1861 2067 1955 2101 quat-

183 2106 337 2138 tum-decr
423 2109 463 2139 15
490 2108 705 2139 adiunexerat
773 2108 866 2138 rixae
892 2108 930 2138 0.
955 2108 1108 2147 Θτῖεήλίηρ
1184 2108 1324 2140 batabos
1348 2108 1502 2139 librarius
1526 2108 1703 2148 sm‘pturus
1720 2113 1805 2149 post.
1829 2108 1852 2139 b
1877 2107 1911 2140 in
1934 2118 1956 2139 u

181 2152 317 2184 nudam}
386 2155 427 2185 16
452 2153 481 2185 ie
551 2154 593 2185 1⁷
618 2153 904 2186 animaduersione
925 2158 1034 2186 notam
1056 2154 1117 2185 del.
1143 2156 1195 2186 lm

184 2348 250 2380 liae
273 2348 431 2388 Belgicae
454 2348 496 2380 ad
519 2349 703 2380 Mosellam.
731 2366 773 2372 —
796 2349 902 2389 raptis
926 2367 971 2373 —
996 2359 1050 2380 ar-
1086 2350 1183 2381 Adde
1208 2351 1277 2382 Cio.
1302 2350 1396 2382 Verr.
1422 2352 1456 2389 4,
1480 2351 1523 2382 50
1549 2350 1568 2391 ξ
1596 2350 1673 2389 110,
1698 2349 1755 2380 ubi
1779 2349 1902 2389 &fidae
1925 2355 1955 2382 et

181 2405 254 2447 mio]
293 2405 336 2437 de
368 2415 430 2437 usu
469 2405 610 2437 ablativi
644 2406 791 2438 absoluti
827 2407 869 2438 ef.
904 2407 1052 2446 Draeyer
1085 2407 1247 2439 verbenae.
1296 2407 1396 2439 Ovid.
1423 2409 1463 2439 A.
1483 2409 1524 2439 A.
1552 2408 1583 2447 2,
1601 2409 1687 2439 401:
1710 2406 1808 2437 trinae
1832 2411 1861 2437 et
1883 2407 1954 2438 lau-

185 2462 281 2502 Synt.
303 2462 325 2504 5
341 2462 418 2494 209.
435 2480 480 2487 -
504 2463 728 2505 temperavere]
752 2473 787 2494 se
804 2464 1050 2505 continuerunt,
1085 2474 1152 2495 rue.
1192 2465 1279 2495 Eun.
1329 2465 1424 2496 Adde
1460 2464 1589 2496 Caesar.
1625 2465 1663 2496 B.
1690 2464 1727 2496 C.
1761 2465 1803 2504 2,
1830 2466 1882 2496 11.
1910 2481 1951 2488 —

185 2520 300 2552 eadem
324 2521 590 2559 construetione,
629 2531 695 2561 qua
719 2522 817 2561 Verg.
844 2522 927 2553 Aen.
954 2524 984 2562 2,
1010 2523 1049 2553 8:
1086 2532 1150 2552 uon
1173 2522 1298 2561 quidem
1322 2522 1356 2552 in
1379 2521 1470 2562 bello]
1503 2522 1610 2552 Erant
1631 2531 1747 2561 preces
1771 2524 1804 2552 et
1826 2522 1953 2561 suppli-

183 2576 254 2617 φύε
277 2594 321 2601 ·-
345 2581 493 2617 temperet
513 2578 722 2609 alam-thie?
743 2596 789 2602 —
812 2579 1051 2619 maqieeratibus

182 2638 212 2665 et
228 2631 394 2678 precibus]
427 2634 675 2674 magistratibus
707 2636 983 2675 praecedentibus
1016 2640 1051 2668 et

183 2699 251 2722 una
275 2700 350 2722 eum
373 2692 504 2732 reliqua
525 2692 740 2725 multitudine
757 2694 890 2725 veniam
913 2704 1049 2735 precan-

183 2747 284 2779 tibus.
315 2758 376 2789 pro
393 2749 542 2789 precibus
559 2750 644 2781 Wex
666 2751 876 2790 proponebat
892 2751 1050 2792 prinmpi-

185 2803 250 2836 bns.
285 2809 318 2837 et
340 2805 422 2838 mire
452 2815 531 2837 sane
556 2807 633 2837 Tac.
667 2817 737 2837 cum
759 2808 1000 2847 magistratibus
1022 2813 1052 2839 et

177 2861 327 2900 precibu
359 2863 551 2902 coniunxit,
584 2863 643 2894 aed
675 2868 754 2895 sunt
776 2865 863 2896 aliae
888 2865 1051 2896 eiusmodi

185 2916 366 2959 iunctum,
391 2929 476 2960 quae
499 2929 566 2951 non
590 2921 699 2952 minus
720 2921 899 2961 offendant,
925 2927 963 2954 ut
981 2924 1011 2960 2,
1031 2925 1050 2954 3

178 2974 326 3014 precibu
350 2981 380 3006 et
402 2975 474 3015 ⁸⁶97oe
489 2987 576 3017 puro
599 2978 723 3009 altar-ia
745 2978 923 3017 adolentur,
950 2981 980 3016 2,
1007 2980 1050 3010 88

184 3041 254 3062 omn
275 3036 396 3064 terrore
420 3038 449 3064 d
471 3039 667 3066 armatorum
691 3036 838 3078 caterm's,
861 3036 893 3075 3,
916 3036 957 3067 22
977 3046 1052 3075 per·

1089 2579 1150 2619 eia,
1175 2583 1213 2610 ut
1236 2580 1271 2610 in
1295 2579 1407 2620 bello3
1432 2588 1539 2618 neque
1564 2578 1690 2609 bellum
1715 2581 1796 2616 erat,
1821 2578 1880 2610 sed
1904 2582 1954 2610 ta-

1087 2646 1162 2666 men
1187 2635 1350 2667 timebant
1372 2635 1508 2666 hostilia
1532 2638 1565 2666 et
1588 2644 1702 2675 pacem
1726 2634 1774 2666 sic
1800 2635 1950 2667 orabant.

1086 2692 1241 2724 liuvanis,

1147 2808 1201 2838 64.
1248 2804 1437 2849 Leucorum]
1479 2805 1595 2845 populi
1634 2805 1761 2836 Galliae
1800 2806 1953 2846 Belgicae

1086 2863 1172 2894 inter
1196 2864 1380 2893 Mati-onam
1403 2862 1549 2902 (Mar-ne)
1581 2864 1614 2892 et
1637 2862 1828 2901 Mosellam,
1860 2864 1952 2895 cuius
2004 2905 2006 2907 ‚

1087 2923 1186 2959 caput
1225 2920 1370 2957 Tullum,
1418 2919 1515 2949 hodie
1558 2917 1647 2949 Toul.
1684 2937 1728 2942 -
1763 2918 1950 2964 formidine]

1086 2978 1212 3008 Rursus
1235 2977 1363 3007 variata
1387 2975 1637 3015 constructione,
1663 2986 1746 3015 quae
1771 2976 1953 3009 oblitterari

1087 3034 1173 3064 haud
1198 3033 1348 3064 debebat.
1375 3050 1415 3056 —
1441 3031 1630 3076 Lingonum]
1657 3033 1698 3064 cf.
1724 3043 1751 3064 e.
1771 3034 1813 3065 53
1838 3038 1871 3065 et
1894 3036 1949 3067 54.

185 3088 269 3119 anm
290 3100 333 3120 ac
355 3089 511 3130 tenebras,
537 3092 568 3130 3,
594 3093 635 3123 41
662 3102 698 3123 σο
720 3097 802 3123 πιών
825 3096 855 3122 et
871 3093 990 3132 paucis
1008 3110 1051 3115 —
1090 3109 1129 3115 —
1155 3088 1341 3133 cohortium]
1377 3090 1589 3120 Batavorum.
1626 3100 1652 3120 c.
1680 3091 1733 3122 59.
1766 3109 1810 3114 —
1845 3091 1952 3131 inarqia

185 3145 422 3186 οοπιᾱαηεῶω,
462 3149 502 3187 4,
527 3150 571 3180 55
604 3158 735 3189 empore
767 3154 860 3188 atque
884 3149 1051 3188 adulterio,
1081 3145 1234 3190 primum]
1260 3147 1311 3178 Ex
1335 3158 1366 3178 v.
1386 3156 1534 3177 exarsere
1556 3155 1615 3186 per
1638 3156 1776 3187 zeugma
1791 3148 1952 3180 elicienda

186 3203 220 3240 4,
238 3203 279 3234 57
304 3202 441 3234 Galbam
464 3204 650 3244 etirffrada
665 3205 794 3237 tributa.
821 3224 862 3229 —
887 3206 957 3237 alia
975 3206 1052 3246 pla-
1087 3205 1128 3235 ad
1151 3205 1232 3235 haee
1256 3214 1310 3234 vv.
1336 3208 1408 3234 orta
1432 3209 1511 3235 amat.
1536 3221 1579 3227 —
1603 3204 1739 3245 imperii]
1764 3205 1804 3235 ad
1828 3210 1950 3237 utrum-

186 3257 345 3303 οαπιονιω]
370 3260 497 3292 infulae
521 3266 555 3293 et
579 3263 776 3296 velamenta.
812 3273 840 3295 e.
860 3263 913 3295 66.
940 3264 972 3303 3,
998 3263 1051 3293 31.
1087 3270 1149 3300 que
1167 3261 1305 3292 verbum
1330 3261 1473 3302 pertinet
1497 3266 1529 3292 et
1544 3261 1655 3293 oblitos
1678 3266 1711 3293 et
1727 3261 1950 3295 admonuisset.
