2176 3672
630 281 802 325 LIBER
827 281 908 326 m.
967 281 1067 335 Gap.
1097 282 1164 325 84.
1195 281 1263 326 85.
1292 281 1361 325 86.
1800 277 1886 323 455

120 397 217 452 (86)
244 395 389 451 patria
417 395 479 438 illi
509 395 699 439 Luceria.
758 396 983 450 septimum
1025 399 1070 439 et
1108 395 1499 452 quinquagesimum
1538 395 1695 440 aetatis
1733 408 1888 439 annum

121 475 335 536 explebat,
366 476 650 530 consulatum,
678 477 930 531 sacerdotia,
958 487 1107 520 nomen
1137 476 1360 531 locumque
1388 476 1501 520 inter
1529 476 1736 531 primores
1775 476 1893 520 nulla

118 554 451 612 suafindustria,
480 541 740 601 sed‘cu‘ncta
767 557 904 612 patris
933 556 1188 600 claritudine
1211 557 1407 612 adeptus.
1454 557 1740 612 principatum
1760 557 1800 600 ei
1820 558 1893 605 de-

74 660 76 662 >
119 635 272 689 tulere,
300 637 373 691 qui
403 637 542 691 ipsum
572 649 655 681 non
698 639 926 691 noverant;
965 637 1110 681 studia
1148 637 1358 682 exercitus
1397 649 1495 681 raro
1538 638 1734 692 cuiquam
1773 637 1894 681 bonis

18 731 27 741 ⁴
87 736 91 741 ·
117 715 283 761 artibus
311 717 508 770 quaesita
535 714 711 772 perinde
739 716 913 762 adfuere
941 729 1067 772 quam
1097 717 1195 761 huic
1223 730 1301 772 per
1329 718 1555 772 ignaviam.
1586 718 1724 762 inerat
1751 722 1894 762 tamen
1929 737 1949 768 5

115 795 368 852 simplicitas
396 809 447 841 ac
475 797 735 851 liberalitas;
764 811 885 854 qnae,
915 797 959 841 ni
996 798 1111 842 adsit
1150 799 1321 852 modae,
1363 798 1406 841 in
1443 798 1618 842 exitium
1657 801 1894 843 vertuntur.

116 859 330 921 amicitias
357 877 459 920 dum
490 878 781 933 magnitudine
811 891 1043 932 munerum,
1084 891 1165 922 non
1206 878 1445 922 constantia
1481 891 1645 922 morum
1688 879 1895 923 contineri

115 960 256 1012 putat,
283 957 442 1001 meruit
471 958 607 1013 magis
636 972 762 1014 quam
793 959 955 1003 habuit.
984 959 1046 1002 rei
1074 959 1269 1014 publicae
1298 959 1414 1004 haud
1443 959 1572 1003 dubie
1591 960 1799 1004 intererat
1818 959 1895 1002 Vi-

117 1035 282 1084 tellium
312 1037 436 1092 vinci,
465 1040 541 1082 sed
571 1039 783 1094 imputare
811 1039 1033 1094 perfidiam
1063 1051 1144 1083 non
1174 1043 1365 1094 possunt,
1393 1039 1466 1095 qui
1496 1039 1715 1083 Vitellium
1735 1040 1895 1094 Vespa-

119 1116 240 1161 siano
268 1118 510 1173 prodidere,
540 1131 636 1163 cum
665 1132 692 1163 a
722 1119 860 1164 Galba
889 1120 1178 1164 descivissent.
1912 1126 1954 1156 10

230 1197 464 1254 Ptaecipiti
492 1200 537 1243 in
566 1212 757 1244 occasum
789 1201 858 1244 die
887 1201 940 1244 ob
969 1213 1168 1255 pavorem
1199 1202 1527 1255 magistratuum
1558 1204 1898 1255 senatorumque,

117 1277 191 1333 qui
220 1278 375 1334 dilapsi
404 1292 455 1323 ex
484 1279 590 1323 urbe
617 1284 695 1324 aut
722 1294 800 1335 per
829 1281 974 1324 domos
1005 1282 1220 1325 clientium
1259 1286 1391 1325 semet
1428 1281 1713 1334 occultabant,
1754 1281 1898 1325 vocari

104 1361 292 1404 ,senatus
320 1371 402 1404 non
430 1360 585 1415 potuit.
635 1360 935 1415 Domitianum,
965 1365 1190 1416 postquam
1220 1361 1325 1405 nihil
1355 1361 1510 1405 hostile
1529 1361 1811 1415 metuebatur,
1841 1362 1899 1405 ad

117 1438 246 1484 duces
279 1439 466 1494 partium
517 1453 786 1496 progressum
827 1445 871 1484 et
911 1441 1135 1485 Caesarem
1178 1441 1489 1486 consalutatum
1527 1442 1649 1487 miles
1691 1442 1899 1498 frequens,

118 1521 251 1573 utque
279 1522 374 1563 erat
402 1521 446 1564 in
477 1521 620 1574 armis,
650 1521 692 1564 in
723 1525 925 1576 paternos
954 1527 1132 1576 penates
1160 1523 1349 1565 deduxit.
1914 1523 1956 1554 1⁵

222 1697 239 1726 1
265 1695 372 1735 patria
394 1694 444 1725 illi
469 1696 609 1727 Luceria
633 1695 779 1728 Oba-lm·
805 1699 899 1736 patre
930 1697 978 1728 illi
1004 1698 1127 1729 luceria
1150 1698 1272 1740 (patria
1295 1697 1346 1727 illi
1369 1698 1512 1728 Nuceria
1534 1696 1568 1737 (e
1592 1697 1748 1729 Suetonio
1772 1698 1839 1729 Vit.
1869 1701 1900 1729 1.

120 1738 168 1781 2.)
193 1739 325 1782 Gruter)
395 1742 491 1772 etatis
584 1744 604 1773 3
630 1740 798 1786 prinlpaffi
824 1742 897 1783 (sic,
920 1753 983 1774 om.
1007 1743 1134 1782 syllaba
1168 1743 1213 1783 ci)
1308 1742 1366 1786 3s4
1390 1744 1420 1774 ei
1445 1743 1589 1775 detulere
1612 1743 1799 1776 Βὴεπαπωε
1824 1744 1901 1783 ejda

119 1786 224 1818 tulere
331 1788 350 1818 '1
382 1787 610 1827 magnitudine
632 1791 755 1826 (notam
790 1789 851 1820 del.
879 1791 956 1829 lm.)
1051 1790 1212 1820 contineri
1247 1789 1438 1821 Aefflalius:
1474 1790 1643 1820 continere
1746 1793 1767 1822 8
1794 1791 1841 1821 rei
1866 1800 1897 1830 p.

121 1832 142 1863 9
165 1831 257 1863 vinci
280 1831 374 1864 ddi..
398 1832 517 1865 uicinis
627 1836 667 1866 11
693 1835 834 1875 precipit
945 1837 986 1867 15
1010 1835 1207 1867 CORNELI
1232 1835 1324 1866 taciti
1347 1835 1449 1867 Liber
1465 1835 1595 1866 XVIIII
1619 1836 1755 1876 explicit
1780 1836 1901 1876 Incipit

141 1876 151 1884 ο
204 1872 218 1886 h
254 1887 295 1910 u,
317 1876 331 1921 (
374 1877 386 1908 ἢ
417 1879 425 1885 ι
463 1879 510 1910 ‘nl'
556 1878 599 1920 u).

165 2039 221 2071 86.
245 2038 397 2081 ἱκεσία]
411 2039 553 2079 Apuliae
569 2040 735 2080 oppidum,
749 2041 849 2072 hodie
858 2041 993 2072 Lucet-a.

120 2095 161 2126 ef.
194 2093 393 2127 wacho-suth
416 2097 456 2128 de
471 2097 621 2135 Luceria,
639 2098 779 2137 Apuliae
795 2097 888 2128 urbe.
914 2098 994 2129 Par-

118 2154 171 2183 tes
193 2152 251 2183 111.
277 2152 409 2193 Lipsiae
435 2155 533 2186 1844.
569 2155 667 2186 1845.
700 2172 744 2177 —-
776 2154 942 2194 septimum
964 2159 995 2185 et

117 2207 427 2254 mmmmm]
462 2210 509 2241 sic
534 2215 567 2242 et
589 2211 765 2243 Suetonius
792 2213 843 2243 18.
879 2216 994 2243 contra

119 2266 185 2297 Dio
208 2267 263 2305 65,
287 2268 350 2300 22:
379 2263 532 2309 ζήσαντα
565 2265 625 2310 μὲν
643 2265 714 2315 Δἐπὶ
745 2266 897 2309 τέσσαρα
932 2265 992 2310 ἔτη

119 2321 180 2356 καὶ
200 2319 411 2366 πεντήκοντα
435 2321 494 2356 καὶ
516 2315 651 2366 ιἡμέρας
674 2322 768 2358 ἐννέα
783 2322 843 2357 καὶ
866 2319 990 2367 ὁγδοή-

117 2389 229 2418 κοντα,
252 2372 401 2422 ἄρξαντα
416 2378 455 2414 δὲ
479 2378 629 2414 ἐνιαυτὸν
645 2376 784 2423 τῖμερῶν
800 2379 886 2414 δέκα
910 2377 1304 2414 irco-ruisse.n1m1m
1333 2386 1446 2422 2,101
1475 2385 1644 2425 scriptores
1667 2391 1897 2427 temporum-

119 2433 250 2470 δέοντα.
277 2435 415 2468 Occisus
439 2441 548 2468 autem
572 2441 621 2469 est
645 2439 676 2468 d.
704 2439 759 2469 20.
785 2438 906 2468 mensis
924 2439 989 2469 De·
1027 2450 1138 2470 curam
1154 2442 1252 2480 pacis
1287 2445 1316 2471 et
1339 2450 1477 2472 amorem
1499 2442 1703 2484 reipublicae,
1728 2450 1898 2485 corruptas

118 2492 261 2525 cambria
294 2503 324 2524 a.
350 2504 383 2525 u.
411 2496 502 2533 822,
538 2499 611 2535 post
648 2494 724 2526 Chr.
764 2496 815 2526 69
854 2495 989 2526 Clinton
1024 2497 1059 2528 in
1081 2497 1298 2529 αᾶιιῑαιίοπαιι
1316 2508 1445 2536 caueae,
1472 2500 1707 2531 tradidere.—
1665 2502 1901 2542 —praecvpm'

118 2550 217 2581 Fam·
235 2551 374 2582 Βοπιαηί
394 2552 419 2582 1.
445 2562 477 2591 p.
501 2552 556 2583 56.
584 2569 626 2576 —-
649 2553 757 2591 patris
781 2550 987 2595 dantum]
1026 2555 1060 2584 ia
1083 2564 1229 2586 occasum
1254 2553 1319 2598 die]
1344 2555 1460 2587 Livius
1485 2559 1519 2595 4,
1544 2559 1576 2596 9,
1604 2559 1644 2589 13
1663 2559 1898 2599 praecipitique

119 2606 179 2638 etr.
192 2608 279 2639 Anu.
294 2610 325 2646 6,
352 2611 404 2640 32.
424 2626 466 2632 -
490 2607 616 2652 neo-uie]
643 2610 869 2649 ‚comparavit
883 2610 987 2649 pretio
1026 2612 1091 2642 iam
1108 2612 1158 2643 die
1187 2613 1241 2650 25,
1260 2614 1314 2652 34,
1335 2615 1375 2644 14
1394 2614 1575 2655 praecipiti
1595 2616 1660 2646 iam
1675 2615 1897 2657 advoepenm

118 2663 285 2704 mgisque
310 2666 405 2697 donis
421 2677 438 2696 ‹
459 2683 500 2689 —
524 2663 697 2709 enputan]
721 2667 814 2705 quasi
839 2667 990 2697 meritum
1026 2669 1087 2700 die.
1116 2671 1169 2707 10,
1195 2671 1252 2708 42,
1290 2672 1304 2700 1
1336 2680 1495 2711 praecepa
1530 2672 1563 2701 in
1586 2682 1734 2704 oeeawm
1757 2674 1815 2705 sol,
1852 2692 1896 2698 -

121 2722 290 2762 egregium
304 2731 343 2753 ac
359 2723 504 2762 praemio
521 2723 656 2763 dignum
673 2723 737 2754 sibi
763 2724 908 2755 tribuere
925 2734 990 2755 non
1026 2724 1073 2756 ad
1097 2725 1192 2757 duces
1209 2724 1367 2770 partium]
1401 2728 1611 2761 absconditus
1643 2730 1784 2769 primum
1809 2732 1897 2771 apud

121 2781 286 2817 poterant.
310 2779 350 2810 cf.
369 2781 400 2819 1,
418 2780 471 2812 38.
492 2780 545 2811 55.
564 2781 618 2812 71.
646 2781 677 2819 2,
702 2782 754 2812 60.
780 2782 835 2812 85.
853 2781 915 2811 hoc
943 2780 991 2811 di·
1027 2781 1216 2814 Cornelium
1229 2783 1375 2815 Primum
1393 2788 1564 2823 paternum
1580 2787 1732 2818 clientem
1742 2787 1800 2829 (cf.
1815 2786 1894 2829 n),

121 2833 177 2874 eit,
200 2835 288 2874 quod
298 2835 453 2868 Vitellius
476 2836 517 2869 de
534 2836 672 2877 imperio
697 2837 842 2869 deiectus
861 2838 916 2876 sit,
930 2839 991 2869 rei·
1027 2839 1092 2870 iam
1116 2840 1158 2870 ad
1181 2840 1361 2871 Antonium
1385 2844 1574 2881 ceterosque
1597 2853 1801 2884 progressus.

122 2890 272 2931 publicae
286 2893 430 2925 salutare
452 2894 565 2933 fuisse,
588 2895 646 2926 sed
670 2895 702 2925 in
721 2904 759 2926 eo
775 2904 852 2926 casu
868 2895 992 2926 nullam

1030 2041 1185 2072 virtutem
1207 2045 1240 2073 et
1255 2042 1407 2074 meritum
1423 2052 1536 2074 eorum
1553 2043 1799 2083 agnoscendum
1814 2053 1897 2081 esse,

1030 2098 1085 2137 qui
1100 2099 1269 2130 Vitellium
1280 2099 1486 2138 Vespasiano
1502 2100 1719 2140 prodiderint,
1744 2101 1899 2132 Alienum

1029 2154 1204 2186 Caecinam
1220 2159 1252 2186 et
1268 2156 1375 2186 socios
1392 2156 1594 2196 designando
1610 2157 1666 2200 (ef.
1683 2160 1713 2196 2,
1735 2158 1799 2190 100
1811 2158 1898 2199 sq.):

1028 2212 1088 2244 hos
1112 2213 1199 2244 enim
1216 2222 1237 2243 a
1254 2211 1363 2244 Galba
1378 2214 1528 2253 principe
1551 2214 1655 2254 probo
1674 2219 1707 2246 et
1722 2215 1898 2247 innocente

1028 2269 1070 2299 ad
1084 2269 1256 2300 Vitellium
1277 2271 1374 2309 longe
1391 2270 1587 2302 deteriorem
1604 2272 1782 2304 descivisse
1799 2277 1898 2312 atque

1027 2327 1209 2357 ostendisse
1234 2326 1298 2357 sibi
1316 2327 1462 2359 melioris
1479 2327 1687 2368 imperatoris
1702 2339 1815 2360 curam
1831 2340 1898 2361 non
