2176 3672
712 321 886 364 LIBER
913 321 969 364 H.
1027 321 1129 376 Ca'p.
1162 322 1227 366 70.
1260 323 1326 366 71.
1358 323 1423 366 72.
1862 324 1947 368 365

179 448 287 491 que,
307 436 385 479 sed
412 434 515 478 luxu
544 438 588 478 et
615 436 790 490 saginae
818 436 1084 491 mancipatus
1113 441 1376 493 emptusque.
1421 442 1470 482 ut
1490 437 1661 482 Valenti
1680 444 1725 483 et
1744 439 1950 483 Caecinae

179 527 338 559 vacuos
354 515 527 573 honoris
545 527 711 563 menses
730 516 930 570 aperiret,
958 517 1141 560 coartati
1162 517 1341 561 aliorum
1362 518 1623 573 consulatus,
1653 519 1949 564 dissimulatus

177 590 313 641 Marci
341 588 478 639 Macri
506 598 707 651 tanquam
737 596 1073 640 Othonianarum
1101 599 1288 651 partium
1317 599 1460 652 ducis;
1490 602 1534 642 et
1562 599 1781 643 Valerium
1811 599 1944 643 Mari-

179 688 282 720 num
309 675 570 719 destinatum
597 688 626 719 a
654 675 792 719 Galba
821 676 1035 721 consulem
1065 677 1246 732 distulit,
1275 678 1394 721 nulla
1423 678 1594 733 offensa,
1624 681 1702 723 sed
1730 680 1876 724 mitem
1906 684 1950 724 et

179 755 377 799 iniuriam
405 756 593 810 segniter
620 755 832 809 laturum;
873 756 1087 801 Pedanius
1117 757 1247 802 Costa
1276 759 1513 813 omittitur,
1541 760 1736 814 ingratus
1765 760 1950 815 principi
1986 768 2005 799 ⁵

149 838 154 842 ”
178 838 230 879 ut
257 835 463 880 adversus
489 835 700 880 Neronem
729 849 860 881 ausus
888 840 933 881 et
961 837 1153 891 Verginii
1182 838 1476 892 extimulator,
1516 841 1592 883 sed
1621 840 1728 884 alias
1766 840 1950 895 protulit

179 927 353 969 causas;
381 919 588 971 actaeque
616 917 792 971 insuper
819 918 993 961 Vitellio
1023 918 1189 972 gratiae
1218 920 1525 963 consuetudine
1553 921 1730 964 servitii.

290 995 386 1051 (72)
415 995 510 1039 Non
539 996 655 1040 ultra
684 1010 843 1052 paucos
866 999 958 1042 dies
977 1011 1220 1053 quanquam
1250 998 1420 1042 acribus
1450 1000 1584 1043 initiis
1605 1004 1803 1055 coeptum
1832 1014 1948 1045 men-

177 1076 345 1120 dacium
385 1076 530 1120 valuit.
587 1078 789 1121 extiterat
827 1079 1000 1133 quidam
1039 1078 1360 1122 Scribonianum
1399 1092 1447 1123 se
1486 1079 1755 1124 Camerinum
1795 1081 1948 1135 ferens,

177 1155 512 1201 Neronianorum
542 1161 783 1212 temporum
811 1162 929 1202 metu
957 1159 1001 1202 in
1029 1159 1197 1202 Histria
1225 1160 1484 1203 occultatum
1498 1195 1508 1214 ‚
1551 1162 1667 1215 quod
1702 1161 1790 1206 illic
1820 1161 1949 1206 clien-
1962 1172 2005 1203 ιο

177 1236 289 1282 telae
318 1241 362 1281 et
390 1238 484 1293 agri
511 1241 703 1282 veterum
733 1238 982 1282 Crassorum
1019 1251 1070 1283 ac
1097 1239 1280 1283 nominis
1308 1238 1430 1283 favor
1457 1241 1668 1285 manebat.
1711 1242 1846 1296 igitur
1876 1243 1949 1286 de-

176 1318 352 1362 terrimo
387 1331 556 1373 quoque
592 1319 637 1362 in
676 1323 973 1374 argumentum
1011 1318 1181 1363 fabulae
1219 1323 1438 1374 assumpto
1467 1320 1619 1375 volgus
1657 1323 1877 1366 credulum
1907 1326 1951 1366 et

176 1398 351 1453 quidam
379 1398 563 1442 militum
592 1411 736 1442 errore
764 1400 856 1443 veri
884 1412 961 1443 seu
989 1400 1212 1444 turbarum
1241 1401 1385 1444 studio
1425 1401 1621 1444 certatim
1660 1403 1948 1458 adgregaban-

177 1464 264 1531 tur,
292 1490 389 1522 cum
417 1481 660 1533 pertractus
698 1481 753 1523 ad
782 1479 1002 1523 Vitellium
1038 1481 1433 1536 interrogatusque,
1473 1482 1668 1537 quisnam
1704 1483 1949 1526 mortalium

175 1560 302 1602 esset.
360 1562 587 1614 postquam
636 1559 755 1603 nulla
801 1560 929 1603 dictis
974 1559 1081 1604 fides
1130 1564 1175 1604 et
1220 1574 1248 1604 a
1290 1562 1462 1604 domino
1509 1562 1764 1620 noscebatur
1809 1564 1950 1607 condi-
1964 1573 2007 1604 15

268 1698 287 1729 1
321 1697 432 1738 cecine
524 1699 545 1730 3
568 1706 623 1728 ma
645 1699 746 1729 marei
772 1698 869 1730 matri
891 1698 949 1739 sic,
973 1698 1030 1729 sed
1051 1698 1123 1738 syn.
1148 1708 1202 1730 ma
1223 1698 1327 1730 deleta

175 1746 359 1784 pertractus
383 1747 435 1775 est
457 1742 643 1784 Nipperdey

1418 1701 1439 1732 8
1464 1702 1562 1740 ceptfi
1656 1703 1698 1733 14
1731 1704 1914 1742 pertractus
1941 1701 1947 1744 Ι

176 1859 265 1891 riosa
282 1861 315 1890 et
330 1858 479 1899 prodiga,
502 1858 560 1890 ubi
583 1859 701 1890 cotidie
724 1868 831 1891 novae
855 1861 1043 1900 voluptates
1078 1869 1138 1900 per
1151 1869 1194 1891 m.
1212 1859 1392 1892 Novembr.
1411 1863 1443 1892 et
1458 1860 1631 1892 Decembr.
1673 1861 1834 1894 Consules
1849 1863 1950 1903 igitur

177 1915 454 1956 excogitabantur.
479 1933 524 1939 —
556 1913 647 1960 luxu]
683 1916 832 1956 dativus,
868 1917 908 1948 cf.
934 1916 1044 1947 Sir-ker
1078 1916 1142 1947 hoc
1176 1926 1263 1948 anno
1294 1917 1386 1949 fuere
1410 1917 1484 1950 XV.
1532 1918 1686 1950 Ceterum
1719 1920 1800 1950 ordo
1836 1929 1950 1951 eorum

178 1974 256 2004 Tac.
273 1974 509 2005 Formenlehre
533 1983 565 2014 p.
586 1974 638 2005 19.
664 1991 707 1996 —
730 1974 920 2015 eruptusque]
947 1974 1044 2013 „Dici
1079 1984 1144 2005 non
1160 1974 1240 2005 satis
1252 1978 1372 2014 certus,
1396 1975 1438 2006 cf.
1455 1976 1520 2007 Ios.
1535 1976 1630 2007 Klein
1646 1977 1738 2007 Fasti
1750 1976 1950 2008 Consulares

177 2031 262 2063 solet
297 2031 442 2062 vendam
480 2031 779 2071 emancipatum&-
816 2032 960 2063 amarius
995 2034 1045 2062 est
1079 2041 1110 2071 p.
1127 2033 1170 2063 41
1189 2041 1239 2070 sq.
1263 2048 1309 2054 —
1339 2031 1451 2076 ausus]
1478 2034 1644 2073 „audere“
1669 2043 1768 2073 saepe
1793 2034 1946 2066 absolute

177 2093 316 2130 σφωε
339 2098 435 2128 quem
458 2090 556 2120 luxus
578 2092 611 2119 et
634 2089 749 2128 sagina
771 2089 942 2120 lenociniis
958 2098 1043 2120 eme·
1078 2088 1216 2126 dicitur,
1251 2089 1291 2119 cf.
1317 2089 1504 2129 Nipperdey
1534 2091 1576 2121 ad
1602 2092 1687 2123 Ann.
1714 2093 1747 2129 4,
1773 2093 1815 2123 59
1850 2101 1950 2130 neque

178 2149 253 2178 rant
291 2156 330 2178 ac
362 2155 456 2177 suum
487 2146 666 2176 fecerant.“
705 2145 842 2176 nunus.
901 2144 1044 2176 Omnino
1079 2155 1231 2176 auem-um
1248 2150 1362 2176 contra
1378 2146 1536 2179 Seiam
1563 2147 1684 2179 Gerber
1701 2150 1734 2179 et
1749 2148 1856 2188 Greef
1865 2148 1947 2179 Lex.

178 2204 341 2235 efficacius
365 2204 446 2234 haec
461 2202 548 2234 dicta
564 2206 641 2234 sunt
656 2211 754 2242 quam
776 2203 872 2242 palae
887 2213 928 2233 ac
942 2203 1048 2233 ventri

177 2261 311 2293 deditus.
359 2260 512 2292 Ceterum
545 2260 646 2291 nolim
677 2269 751 2291 cum
775 2260 933 2299 Rupertio
969 2269 1044 2299 pro-

177 2318 257 2350 bare
288 2317 471 2349 PetersenIi
502 2318 585 2348 coni.
617 2318 694 2348 luxu
717 2321 747 2348 a
769 2318 885 2356 aaqina
907 2317 1044 2348 enunci-

172 2381 273 2416 μω
288 2380 467 2415 nuptumque
482 2375 606 2406 scilicet
620 2374 754 2406 Neroni.
782 2393 824 2398 —
848 2374 1043 2415 consulatus]

178 2434 272 2465 relati
289 2442 389 2473 supra
408 2436 437 2471 1,
455 2433 509 2463 7⁷.
526 2449 572 2455 —
595 2430 826 2475 diseinmlaws]
845 2432 936 2462 nulla
952 2441 1044 2471 pror-

1081 2203 1158 2233 Tac.
1182 2213 1208 2234 s.
1226 2213 1260 2234 v.
1286 2203 1388 2234 audeo
1412 2202 1451 2246 c).

1127 2317 1178 2348 ⁷2.
1221 2315 1476 2361 Scriboniam]
1504 2318 1626 2357 „Lucis
1642 2319 1765 2358 aliquid
1781 2321 1856 2351 huic
1874 2321 1946 2352 loco

1079 2373 1227 2404 adfundit
1250 2374 1315 2405 Dio
1344 2375 1397 2412 63,
1425 2376 1487 2406 18:
1521 2372 1554 2408 ἐν
1578 2372 1618 2409 δὲ
1641 2375 1684 2419 τῇ
1709 2372 1833 2419 Ῥώμῃ
1858 2373 1947 2410 κατὰ

1079 2427 1136 2464 τὸν
1161 2426 1263 2464 αὐτὸν
1287 2427 1405 2474 χρόνον
1438 2426 1458 2464 o‘
1481 2426 1609 2469 Ἥλιος
1641 2430 1833 2473 (pessimum
1865 2433 1947 2464 illud

179 2500 235 2523 sus
266 2490 336 2522 eins
369 2489 534 2521 mentione
567 2489 671 2527 facta,
707 2489 800 2528 quasi
836 2489 879 2520 ab
914 2488 1044 2520 Othone
1078 2488 1220 2519 Neronis
1236 2486 1446 2531 mancipium)
1472 2482 1558 2521 ἄλλα
1581 2498 1619 2521 τε
1642 2485 1746 2523 πολλοὶ
1772 2487 1831 2522 καὶ
1854 2485 1947 2524 δεινά

178 2548 358 2580 destinatus
397 2556 462 2578 non
500 2547 626 2579 fuisset.
675 2546 749 2584 „De
789 2546 840 2578 his
876 2556 959 2578 coss.
1000 2547 1041 2578 cf.

1080 2540 1274 2586 εἰργάσατο,
1299 2543 1359 2577 καὶ
1383 2543 1584 2578 Σουλπίκιον
1609 2544 1816 2588 Καμερῖνον,
1840 2540 1948 2588 ἄνδρα

179 2606 278 2637 etiam
302 2607 334 2642 3,
359 2605 414 2636 37.
441 2605 485 2636 68
509 2608 543 2635 et
567 2604 619 2635 ⁷3.
668 2603 902 2635 Dissimulatus
936 2608 1043 2634 autem
1078 2600 1145 2634 τῶν
1168 2598 1323 2643 πρώτων,
1349 2599 1435 2644 μετὰ
1459 2602 1517 2635 τοῦ
1543 2600 1631 2640 υἱέος
1654 2598 1855 2636 ἀπέκτεινεν.
1890 2604 1946 2634 Li-

179 2661 323 2693 Karcius
357 2661 467 2692 Macer
499 2664 532 2692 et
563 2661 685 2692 dilatus
716 2661 867 2692 Valerius
898 2660 1044 2691 Marinus
1078 2663 1129 2690 cet
1152 2658 1251 2698 igitur
1273 2659 1434 2690 coniicere
1451 2657 1569 2690 Getam
1592 2659 1691 2690 istum
1714 2669 1755 2691 ex
1779 2660 1837 2691 illa
1853 2661 1945 2692 clade

179 2719 311 2750 Valenti
335 2722 368 2749 et
391 2717 571 2755 Caecinae,
595 2718 735 2749 omissus
758 2718 921 2749 Pedanius
946 2719 1045 2749 Costa

179 2777 324 2809 Caecilio
364 2775 510 2816 Simplici
548 2776 655 2806 locum
693 2775 822 2807 dedisse
856 2776 1043 2807 videntur.“

180 2834 290 2865 Brcx.
338 2833 431 2864 Fasti
462 2833 653 2864 consulares
677 2832 773 2863 huius
797 2833 875 2863 anni
899 2833 946 2863 sic
968 2841 1044 2862 con-

180 2891 333 2922 stituendi
357 2894 452 2922 sunt:
476 2889 585 2920 Galba
610 2893 642 2920 et
664 2888 781 2920 Vinius
805 2890 836 2920 d.
854 2891 974 2920 1—15.
994 2889 1044 2919 Ia-

181 2947 306 2978 nuarii:
353 2946 441 2978 otho
481 2950 514 2978 et
552 2947 701 2978 Titianus
739 2946 769 2977 d.
811 2947 864 2977 30.
905 2947 975 2977 Ian.
1003 2962 1043 2969 —

184 3006 201 3035 1
227 3005 345 3035 narn:
385 3003 562 3043 Verginius
600 3007 634 3034 et
674 3004 850 3043 Pompeius
884 3002 1045 3042 Vopiscus

182 3070 241 3101 per
263 3060 307 3092 in.
331 3061 485 3092 Martium
508 3064 542 3091 et
564 3061 731 3100 Aprilem:
758 3060 890 3092 Caelius
914 3065 948 3091 et
972 3060 1044 3090 Fla-

182 3117 257 3148 viua
281 3117 393 3149 Sabini
418 3127 475 3158 per
499 3127 542 3149 m.
561 3118 683 3148 Maium
707 3120 740 3149 et
755 3118 902 3149 Iunium:
927 3117 1044 3148 Arrius

1079 2716 1252 2756 profugum
1285 2726 1320 2747 se
1355 2725 1427 2747 esse
1460 2716 1650 2754 mentitum,
1687 2721 1724 2747 ut
1747 2726 1867 2756 magno
1890 2727 1947 2748 no-

1080 2773 1168 2804 mine
1191 2773 1330 2812 insignis
1354 2782 1406 2804 res
1431 2782 1535 2804 novas
1559 2773 1763 2803 moliretur.“
1797 2773 1945 2805 wama.

1081 2828 1233 2862 Ceterum
1266 2829 1469 2861 Scriboniani
1502 2840 1519 2861 e
1553 2829 1742 2861 &auorum
1774 2839 1850 2861 mox
1881 2840 1946 2861 me-

1081 2891 1278 2917 moratorum
1304 2891 1397 2918 erant
1421 2887 1555 2917 familia.
1579 2887 1620 2917 cf.
1645 2888 1677 2925 4,
1704 2888 1757 2919 39.
1783 2904 1827 2910 —-
1851 2898 1947 2927 arqu-

1080 2949 1212 2975 memma
1224 2943 1377 2985 fabulae]
1413 2944 1442 2974 le
1466 2942 1555 2983 sajet.
1604 2943 1743 2982 Quintil.
1769 2945 1800 2981 ὗ,
1828 2946 1881 2982 10,
1907 2946 1946 2975 9;

1082 3002 1385 3040 Argumentum
1403 3000 1503 3040 plura
1519 3000 1687 3039 aiqmfloat.
1735 3001 1822 3031 Nam
1844 3002 1947 3041 etsu-

1081 3058 1174 3089 bulae
1197 3058 1243 3089 aa
1264 3062 1367 3089 actum
1392 3067 1557 3088 scenarum
1590 3058 1781 3097 compositae
1815 3068 1947 3097 arqu-

1080 3120 1220 3146 menta
1244 3114 1393 3146 dicuutur
1415 3118 1475 3146 cet.
1502 3118 1534 3144 et
1559 3115 1589 3152 2,
1607 3116 1639 3152 4,
1658 3115 1696 3145 2:
1719 3125 1947 3154 armamen-

183 3173 369 3205 Antoninus
401 3178 433 3205 et
464 3175 585 3206 Marius
618 3175 733 3208 Celsus
767 3168 825 3214 per
857 3184 899 3205 m.
925 3174 1044 3204 Iulium
1081 3175 1188 3211 tum,
1213 3172 1299 3210 quod
1310 3171 1447 3211 salsum.
1472 3171 1529 3202 sed
1543 3181 1617 3202 vero
1632 3171 1743 3209 nimae,
1768 3172 1946 3204 comoediae

184 3234 217 3261 et
254 3231 456 3271 Augustum:
497 3231 638 3263 Caecina
677 3236 709 3263 et
748 3232 870 3262 Valens
910 3241 967 3270 per
1000 3240 1043 3260 m.
1075 3229 1210 3267 finyunt.
1245 3228 1417 3259 Recentior
1436 3228 1572 3259 forsitan
1589 3228 1774 3268 scripsisset
1797 3230 1945 3261 inactiv-

184 3286 366 3327 Septembr.
392 3290 425 3318 et
448 3286 603 3319 Octobr-‚2
625 3288 744 3320 Rosius
767 3289 912 3328 Regulus
935 3287 1045 3319 Caeci-
1080 3295 1149 3316 nem
1162 3284 1300 3325 fabulae
1315 3284 1530 3327 (comoediae).
1563 3284 1754 3317 Louandre:
1773 3296 1858 3326 pour
1873 3296 1944 3317 tou-

184 3353 245 3375 nae
268 3344 422 3375 suffectus
446 3353 505 3384 per
527 3354 627 3376 unum
651 3346 682 3376 d.
707 3348 760 3378 31.
787 3345 919 3376 Octobr.
946 3344 1043 3387 (Hist.
1079 3342 1162 3373 tenir
1185 3351 1242 3373 uon
1263 3343 1337 3373 roa.
1363 3360 1405 3366 —
1439 3351 1547 3373 errore
1579 3340 1667 3385 veri]
1692 3356 1736 3370 ε
1760 3343 1946 3382 ignorantia

185 3403 217 3443 3,
243 3398 320 3444 ³⁷)²
345 3400 505 3432 Caecilius
528 3402 672 3442 Simplex
695 3407 726 3434 et
751 3402 902 3442 Quintius
918 3401 1046 3432 Atticus
1082 3399 1171 3430 veri:
1206 3400 1246 3430 de
1282 3400 1405 3431 rariore
1439 3409 1500 3430 usu
1535 3399 1680 3438 genetivi
1716 3399 1869 3431 obiectivi
1901 3401 1943 3430 cf.
