2176 3672
869 219 971 278 cap.
995 223 1066 263 42.
1090 221 1162 263 43.
1874 228 1926 270 77

152 332 384 391 1161111111100
413 332 618 376 claudunt.
651 332 854 390 equibus
885 333 1084 390 Marsigni
1115 337 1159 376 et
1187 331 1288 376 Buri
1320 348 1511 378 sermone
1543 336 1736 394 cultuque
1769 337 1928 382 Suebos

39 412 41 417 ’
103 449 114 453 -
140 409 360 468 referunt:
394 409 582 474 Cotinos„
598 408 902 464 Gallica,0sos
932 409 1171 454 Pannonica
1200 411 1340 467 lingua
1369 413 1553 468 coarguit
1581 427 1666 455 non
1697 427 1790 457 esse
1823 415 1928 459 Ger-

109 480 115 483 *
143 474 539 544 *mossef'cj'uod
574 487 726 530 tributa
760 487 983 544 patiuntur.
1021 491 1184 544 partem
1224 488 1468 531 tributorum
1506 489 1736 545 Sarmatae,
1768 496 1927 548 partem

123 563 290 615 011αῶ
317 567 366 607 ut
387 564 636 621 alienigenis
667 565 902 622 imponunt.
929 564 1082 619 Cotini,
1104 579 1185 621 quo
1217 565 1347 621 magis
1378 566 1544 622 pudeat,
1572 571 1615 610 et
1644 567 1798 610 ferrum
1828 569 1927 612 effo-

152 640 282 686 diunt.
313 655 541 699 omnesque
572 642 615 684 hi
645 641 789 699 populi
819 655 951 699 pauca
981 642 1286 699 campestrium,
1309 646 1491 686 ceterum
1522 645 1648 687 saltus
1680 650 1722 688 et
1751 646 1926 689 vertices
1939 663 1956 688 ⁵

145 717 404 763 insederunt.
436 718 588 761 dirimit
623 719 734 762 enim
770 718 998 776 scinditque
1032 718 1228 761 Suebiam
1264 720 1500 762 continuum
1535 722 1736 765 montium
1771 723 1924 780 iugum,

0 779 41 851 if,
76 787 98 851 A*
150 793 260 840 dtra
292 795 404 854 quod
437 796 637 854 plurimae
674 799 821 852 gentes
859 800 998 854 agunt.
1038 810 1095 839 ex
1135 796 1282 853 quibus
1319 797 1516 840 latissime
1552 802 1667 855 patet
1700 799 1925 856 Lugiorum

221 912 227 916 ι
255 934 284 963 1.
304 939 424 964 suevos
444 932 557 963 ABG.
579 948 618 954 —
641 934 670 962 2.
692 931 824 974 qotinos
845 932 910 963 AB
923 932 958 963 C.
983 949 1020 954 —
1044 934 1073 962 4.
1097 930 1202 962 cotim·
1218 932 1255 963 C.
1275 930 1477 973 qotiniAB.
1500 950 1537 955 —
1561 936 1589 964 5.
1611 933 1792 976 inqumque
1814 936 1924 967 delen-

149 978 226 1012 dum
245 988 321 1012 esne
341 980 467 1012 censuit
486 980 650 1011 Acidalius
671 982 704 1010 et
725 989 784 1011 suo
806 980 876 1010 iure
897 979 1131 1011 Reifferscheid
1153 980 1215 1010 tria
1236 980 1335 1010 verba
1359 979 1519 1010 montium
1541 979 1722 1027 iugumque
1743 982 1923 1054 adaptatio-

85 1046 102 1095 ᾸΥ
147 1071 225 1095 nen
241 1062 342 1095 fuisso
362 1063 581 1103 marginalem.
605 1080 643 1085 —
666 1065 696 1095 6.
717 1061 872 1093 sueviam
891 1063 959 1094 AB
974 1062 1009 1094 G.
1032 1079 1072 1085 —
1095 1065 1125 1094 7.
1147 1059 1339 1104 Lugiorum
1358 1063 1558 1094 Miillenhoff.
1580 1032 1744 1105 {eqiorum
1757 1065 1794 1095 B.
1817 1033 1924 1107 1291«,-

0 1108 37 1157 ζ.ῃ
146 1114 227 1141 rm
245 1109 286 1143 A.
307 1107 498 1152 longiorum
520 1110 556 1141 C.
1391 1123 1396 1125 >

94 1195 98 1197 “
147 1196 189 1231 cf.
210 1198 332 1230 Grilmn
359 1199 399 1230 G.
419 1199 459 1230 D.
488 1199 520 1230 S.
544 1201 614 1238 775,
641 1199 834 1230 Miillenhoff
855 1199 890 1230 Z.
911 1199 951 1230 D.
972 1199 1011 1230 A.
1059 1198 1171 1230 scheid
1192 1199 1214 1229 1.
1235 1199 1256 1229 l.
1279 1201 1350 1237 624,
1379 1200 1434 1239 qui
1455 1199 1536 1230 haec
1557 1199 1662 1230 addit:
1697 1200 1743 1238 (in
1764 1200 1828 1239 his)
1849 1200 1923 1232 iure

146 1245 219 1284 vn,
242 1248 305 1277 419
326 1246 367 1277 de
389 1246 606 1287 skioldungis,
626 1247 670 1278 ib.
687 1247 760 1285 XII,
784 1248 842 1277 347
866 1247 905 1278 de
926 1247 1010 1277 Has-
1058 1243 1242 1276 Acidalius
1264 1245 1306 1276 iu
1314 1255 1488 1288 qumque
1510 1243 1684 1277 delendum
1699 1256 1769 1277 esse
1782 1247 1925 1285 censuit,

147 1291 254 1334 «lingis
274 1293 512 1334 et'Ynglingis3
533 1293 620 1333 apud
641 1294 884 1325 Mommsenium
904 1303 936 1333 p.
949 1295 1009 1324 525
1057 1291 1118 1323 sed
1137 1302 1215 1324 cum
1236 1302 1304 1324 non
1320 1292 1431 1323 minus
1446 1291 1579 1323 moleste
1599 1292 1799 1332 ‚,montium“
1820 1304 1922 1336 repe-

147 1338 189 1371 ᾱο
210 1340 420 1381 managio:
450 1338 504 1371 die
533 1338 728 1383 Turcilinqe
756 1339 835 1372 sind
862 1350 930 1372 nur
958 1339 1010 1372 die
1057 1339 1157 1370 titum
1178 1338 1235 1378 sie,
1255 1344 1434 1382 utrumque
1456 1338 1493 1370 id
1516 1344 1563 1370 ese
1585 1340 1765 1379 „montium
1785 1340 1922 1382 iuqum“

145 1383 337 1429 Rvgu‘qlielw
353 1384 456 1429 phyle
478 1385 538 1418 der
558 1385 695 1426 sciren,
714 1387 776 1419 wie
798 1386 852 1419 die
866 1386 1009 1431 Astinqe
1053 1396 1120 1428 pro
1154 1397 1226 1418 una
1265 1385 1445 1429 eademque
1478 1380 1697 1419 aanoiatione
1736 1387 1922 1430 marginali

145 1430 229 1465 odor
254 1430 439 1476 ‘Hasdiuqe
475 1432 536 1464 der
573 1430 761 1467 Vandalen.
805 1453 843 1458 —
883 1432 1007 1477 Cotini]
1057 1432 1175 1466 habeo.
1214 1436 1316 1466 Recte
1339 1436 1519 1466 existimare
1542 1436 1666 1466 videtur
1679 1446 1710 1466 v.
1732 1436 1762 1466 d.
1779 1454 1815 1458 —
1831 1434 1921 1467 Sue-

90 1487 96 1493 ·
142 1479 215 1512 Hes
232 1481 335 1512 Zenss
364 1481 386 1512 1.
412 1482 435 1512 l.
463 1482 563 1521 habet
581 1492 641 1522 pro
669 1483 813 1523 reliquiis
839 1484 1009 1515 Volcarum
1057 1480 1161 1522 biam]
1183 1493 1303 1514 nomen
1325 1483 1462 1514 fortasse
1490 1493 1510 1514 a
1540 1485 1651 1514 Tacito
1683 1485 1815 1523 primum
1843 1494 1919 1515 con-

144 1527 369 1569 Teeflomgum,
388 1527 447 1570 qui
463 1526 668 1560 Germaniae
683 1528 760 1561 loca
774 1530 907 1561 circum
921 1529 1008 1561 Her·
1054 1529 1225 1561 formatum
1247 1531 1289 1561 ad
1312 1531 1503 1561 Germaniae
1525 1532 1724 1562 vocabulum.
1749 1549 1786 1553 —
1811 1531 1919 1562 coroci-

142 1573 280 1616 cyn'am
301 1573 422 1606 siloam
443 1582 708 1618 occupaverant.
734 1579 853 1610 caesar
873 1580 910 1610 B.
927 1581 966 1611 G.
978 1582 1008 1618 6,
1054 1586 1159 1608 nuum
1189 1572 1354 1608 montium
1387 1577 1516 1619 iuqum]
1560 1577 1622 1608 das
1655 1577 1921 1621 Rieseuyebirqe,

143 1623 201 1661 843
233 1622 292 1654 sed
317 1631 371 1654 res
403 1626 454 1654 est
483 1634 615 1664 prorsus
647 1626 778 1657 incerta.
816 1626 881 1657 Cfr.
910 1629 1006 1659 etiam
1053 1625 1137 1655 ultra
1158 1625 1245 1665 quod
1267 1625 1525 1664 Septentrionem
1540 1635 1651 1656 versus
1666 1626 1861 1657 habitabant.
1880 1644 1917 1649 -—

143 1668 311 1701 §chalal-ik
321 1667 499 1702 slawische
514 1668 756 1703 Alterthamer.
766 1675 903 1715 Leipzig
915 1677 1005 1706 1843.
1053 1669 1255 1713 Lugiorum]
1270 1673 1355 1703 Ami.
1367 1675 1415 1711 12,
1428 1676 1477 1704 29.
1494 1674 1590 1704 Dioni
1601 1676 1650 1711 67,
1666 1676 1683 1704 5
1696 1677 1770 1704 sunt
1778 1665 1918 1714 Δύγιοι.

142 1716 167 1747 1.
181 1725 214 1757 p.
228 1719 299 1748 891.
309 1718 406 1749 Dioni
422 1721 472 1757 71,
490 1721 527 1750 12
543 1722 618 1750 sunt
633 1715 802 1749 Κοτινοί.
837 1722 1005 1753 ORELLI.
1053 1720 1091 1749 v.
1113 1720 1214 1751 Zeuss
1238 1718 1281 1749 Ι).
1304 1730 1335 1759 p.
1360 1722 1420 1750 124
1449 1723 1481 1751 et
1510 1721 1663 1760 imprimis
1694 1715 1797 1752 Ukert'
1827 1719 1865 1752 G.
1887 1732 1918 1761 p.

142 1763 264 1795 (irim
282 1765 372 1796 (1.1).
386 1765 419 1796 S.
434 1767 495 1796 722
519 1767 558 1797 118
582 1768 737 1798 Gotorum
758 1771 849 1808 parte
872 1771 1004 1810 cogitat,
1052 1769 1125 1807 408,
1147 1770 1203 1810 qui
1224 1769 1343 1799 refutat
1365 1778 1431 1806 eos,
1454 1770 1508 1808 qui
1522 1770 1643 1809 Lugios
1664 1779 1722 1808 pro
1737 1769 1841 1800 Slavis
1862 1770 1918 1800 ha-

140 1819 224 1851 qune
242 1811 370 1850 ,dudum
396 1814 431 1844 in
453 1814 657 1845 Germaniam
678 1825 851 1856 progressa
872 1818 1003 1848 Celticis
1051 1815 1200 1846 buerunt.
1230 1816 1350 1846 Eorum
1372 1816 1466 1847 sedes
1482 1816 1669 1846 hodiernam
1685 1825 1756 1846 esse
1773 1817 1918 1847 Silesiam

140 1859 292 1899 gentibus
312 1861 355 1891 sit
373 1862 549 1900 permixta3
571 1863 630 1893 sed
650 1863 844 1894 Miillenhoff
862 1865 897 1895 Z.
912 1865 951 1895 D.
963 1865 1002 1896 A.
1051 1863 1255 1894 arbitrantur.
1279 1863 1445 1894 ORELLI.
1475 1864 1594 1894 Grimm
1610 1864 1647 1894 G.
1663 1864 1701 1893 D.
1719 1863 1749 1896 S„
1767 1866 1919 1903 71081111,

139 1905 199 1944 11,
220 1907 281 1937 243
302 1915 352 1947 sq.
373 1917 432 1938 suo
461 1909 530 1951 iure
556 1906 667 1940 Cotini
697 1920 769 1942 esse
800 1913 1003 1943 scribendum
1051 1911 1122 1948 803,
1146 1912 1218 1948 832,
1239 1911 1433 1941 Miillenhoff
1451 1911 1484 1941 Z.
1500 1911 1539 1941 D.
1555 1912 1594 1941 A.
1616 1911 1673 1948 IX,
1695 1913 1755 1941 253
1778 1920 1834 1950 sq.‚
1865 1913 1917 1950 qui

139 1954 306 1984 oentendit
325 1963 430 1995 neque
452 1956 549 1986 ullam
569 1957 644 1987 huic
665 1958 754 1997 genti
775 1967 847 1989 esse
869 1961 1001 1990 coniun-
1050 1957 1146 1988 docet
1175 1967 1270 1988 unam
1299 1967 1410 1989 veram
1438 1959 1506 1989 eius
1527 1959 1663 1989 nominis
1694 1959 1824 1989 formam
1845 1968 1917 1989 esse

140 2000 278 2032 ctionem
306 2010 378 2032 011111
407 2003 509 2034 Gotis.
541 2021 578 2025 —
618 2002 690 2043 Osa]
723 2006 764 2036 ab
797 2015 861 2037 uno
890 2007 1002 2038 Tacito
1050 2002 1164 2046 Lugii,
1191 2006 1386 2037 Miillenhoff
1410 2006 1496 2045 apud
1518 2007 1758 2036 Mommsenium
1784 2016 1815 2045 p.
1846 2008 1916 2037 524.

138 2051 363 2079 memorantur.
394 2049 560 2080 ORELLI.
589 2051 653 2082 Sed
681 2052 721 2082 cf.
749 2053 943 2084 Miillenhoff
966 2056 1002 2085 Z.
1051 2049 1242 2092 —Harios1
1257 2054 1358 2084 Zeuss
1374 2054 1394 2083 1.
1404 2054 1425 2083 l.
1441 2054 1542 2084 Ukert
1561 2051 1600 2083 G.
1611 2064 1642 2093 p.
1658 2055 1728 2083 410.
1751 2053 1915 2084 ORELLI.

139 2092 180 2123 D.
207 2094 246 2124 A.
274 2095 333 2133 lx,
363 2097 433 2134 134,
462 2098 516 2136 qui
538 2098 623 2137 apud
646 2099 860 2138 Capitolinum
881 2102 914 2132 in
937 2103 1003 2133 vita
1051 2100 1173 2130 Grimm
1194 2101 1328 2140 Mythol.
1352 2103 1423 2138 902,
1446 2101 1483 2131 G.
1505 2101 1544 2130 D.
1569 2100 1599 2130 S.
1623 2102 1693 2138 714,
1728 2100 1919 2131 Mfillenhoff

138 2140 183 2171 11.
202 2141 278 2172 Ant.
299 2152 325 2174 0.
350 2145 400 2181 22,
425 2146 439 2174 1
462 2144 636 2187 legendum
657 2155 730 2177 esse
752 2143 918 2179 Victualis
942 2147 1003 2180 Osi
1048 2147 1106 2184 IX,
1124 2149 1207 2185 ‘2453
1235 2148 1356 2185 Pictet,
1386 2148 1530 2188 beitrage
1561 2157 1617 2177 zur
1646 2148 1748 2187 vergi.
1777 2147 1914 2186 spi-achi.

138 2183 239 2218 Bou-a·
259 2191 320 2220 oet.
341 2189 519 2222 luculenter
538 2193 694 2231 probavit.
709 2194 822 2225 Addit:
845 2204 880 2225 es
902 2205 1001 2238 erqe-
1050 2196 1079 2232 2,
1101 2196 1159 2233 933
1187 2195 1442 2235 Wackernagel,
1473 2195 1612 2235 Sprache
1645 2194 1701 2224 der
1726 2194 1915 2233 Burgunder

139 2230 205 2265 ben
221 2233 298 2266 sich
318 2236 372 2267 die
396 2235 473 2276 Osi,
495 2236 597 2270 deren
626 2238 703 2281 laqe
724 2240 770 2272 im
791 2241 919 2274 rite-ken
941 2242 1001 2274 der
1047 2250 1080 2280 p.
1095 2243 1145 2272 37.
1178 2239 1366 2272 {lariorum
1387 2252 1504 2273 nomen
1528 2240 1703 2272 bellatores
1733 2241 1913 2280 significare

139 2278 285 2320 Quaden
311 2281 422 2315 durch
456 2284 510 2317 die
545 2285 740 2319 erwahneen
770 2281 1001 2333 eisenqrub'en,
1047 2288 1183 2320 videtur.
1208 2307 1245 2311 —
1269 2287 1492 2331 Helreconas]
1523 2291 1591 2320 Hos
1613 2290 1724 2329 Lugiis
1752 2289 1826 2319 ideo
1847 2289 1911 2319 for—

137 2326 240 2360 deren
261 2329 355 2363 auch
375 2329 563 2365 Ptolemaeius
586 2331 620 2365 2.
644 2333 687 2373 ll,
710 2333 761 2367 26
780 2336 931 2378 yedenkl,
952 2350 1000 2371 an
1047 2338 1134 2367 tasse
1163 2337 1351 2368 adnumerat
1381 2338 1527 2375 Tacitus,
1567 2338 1639 2377 quia
1668 2336 1912 2377 Burgundiones

136 2372 202 2408 den
221 2376 368 2410 vor-dem
389 2377 472 2411 oder
492 2379 622 2412 kleinen
643 2380 811 2425 karpacen
832 2385 891 2417 mit
911 2385 1000 2418 voll-
1047 2392 1113 2414 non
1135 2388 1288 2422 noverat,
1317 2386 1376 2415 etsi
1399 2394 1455 2415 eos
1476 2395 1508 2415 m
1561 2387 1631 2415 orat
1651 2385 1773 2414 Plinius
1795 2387 1831 2421 4,
1863 2385 1911 2414 28.

135 2420 324 2456 kommener
350 2425 532 2459 nic-herken
561 2428 721 2462 bestimmt
753 2431 847 2463 πεῖ-νᾶ.
888 2434 999 2466 Wisli-
1049 2430 1112 2461 Cfr.
1140 2432 1240 2462 Zeuss
1270 2429 1313 2462 D.
1336 2442 1366 2471 p.
1396 2434 1464 2462 155.
1492 2433 1533 2462 Pt
1555 2433 1675 2462 lemaeo
1706 2433 1736 2468 2,
1771 2433 1803 2460 11
1840 2434 1912 2461 sunt

71 2511 74 2513 Α
135 2479 234 2504 oenus
261 2483 294 2513 p.
330 2475 370 2505 32
406 2484 454 2515 sq.
496 2476 672 2509 Ptolemaei
703 2472 1000 2524 Οὖιςβουργίους
1047 2471 1310 2516 Αἰλουαίωνες.
1339 2479 1530 2510 Miillenhoff
1559 2480 1592 2508 Z.
1622 2479 1660 2508 D.
1691 2478 1728 2508 A.
1756 2477 1818 2514 IX,
1851 2478 1910 2506 248

138 2515 222 2549 0⁸0⁸
243 2516 358 2551 Baros
387 2531 459 2553 esse
487 2525 675 2563 suspicatur.
699 2543 737 2548 —
766 2524 869 2569 Buri]
900 2529 999 2560 Dioni
1048 2523 1260 2556 Helvaeonas
1283 2527 1453 2566 legendum
1476 2527 1646 2556 existimat.
1670 2542 1707 2546 —
1730 2521 1908 2563 Manimos]

134 2567 185 2604 ⁶82
207 2568 241 2605 ⁸3
265 2570 315 2607 71,
339 2570 392 2608 18;
415 2571 465 2607 72,
487 2572 505 2601 2
527 2564 694 2615 Βοῦῥροι
715 2575 749 2604 111
768 2574 862 2606 bellis
883 2576 997 2607 adver—
1045 2573 1194 2603 videntur
1213 2571 1337 2603 Omani
1357 2574 1531 2603 Ptolemaei
1551 2573 1571 2601 l.
1593 2573 1613 2601 l.
1637 2572 1758 2601 Grimm
1773 2571 1810 2600 G·
1825 2571 1864 2600 D.
1878 2570 1909 2600 S.

133 2621 188 2644 sus
218 2614 324 2646 Dacos
356 2619 389 2646 et
419 2617 641 2651 Marcomanos
672 2621 891 2652 Romanorum
923 2627 998 2654 sunt
1047 2622 1117 2658 714,
1134 2637 1170 2641 —
1188 2617 1346 2659 Helisios]
1369 2620 1416 2649 De
1431 2620 1480 2649 his
1503 2619 1580 2649 nihil
1596 2620 1790 2656 compertum
1811 2616 1908 2647 habe-

132 2662 223 2692 80011.
267 2663 331 2693 cfr.
362 2664 421 2695 Iul.
470 2666 605 2705 Capitol.
633 2668 668 2698 in
695 2669 737 2699 M.
766 2670 884 2700 Anton.
913 2671 996 2701 Phil.
1045 2676 1124 2697 mus.
1157 2667 1319 2706 Scriptura
1347 2663 1483 2706 Elysios
1516 2664 1754 2695 accommodata
1785 2663 1909 2693 videtur

133 2710 183 2740 ss.
205 2709 326 2741 Grimm
347 2711 386 2742 0.
407 2712 447 2742 D.
470 2712 501 2744 s.
525 2716 584 2744 713
607 2724 655 2755 sq.
680 2733 717 2738 -
741 2714 883 2758 Suebos]
911 2719 995 2749 Rec-
1043 2715 1086 2744 ad
1112 2715 1243 2744 Homeri
1264 2705 1448 2741 Ἠλύσιον.
1479 2712 1670 2744 uanenhoff
1701 2711 1735 2740 z.
1757 2711 1795 2740 1).
1818 2711 1855 2740 A.
1877 2712 1907 2747 s,

132 2756 196 2787 1108
214 2757 274 2789 has
288 2761 403 2798 gentes
418 2760 639 2792 Vandiliorum
653 2764 829 2795 existimes.
847 2782 884 2787 -
904 2763 995 2795 Sar-
1045 2764 1116 2799 245,
1138 2763 1191 2801 1101
1214 2761 1356 2791 eiusdem
1379 2760 1485 2798 stirpis
1502 2760 1663 2798 complura
1674 2758 1767 2788 affert
1780 2759 1908 2788 nomina

131 2805 261 2844 ’Μἀθ]
290 2806 435 2845 Iazyges.
465 2807 512 2838 Cf.
542 2809 583 2839 ad
613 2818 640 2840 c.
672 2813 698 2840 1.
729 2828 766 2833 -—
798 2821 863 2853 quo
886 2811 994 2853 magis
1044 2803 1571 2844 Theotisca.—NahanarralosJ
1587 2806 1677 2835 Hanc
1688 2805 1819 2835 formam
1834 2805 1904 2834 bre-

127 2848 274 2892 pudeae]
298 2853 424 2890 „Cotini
445 2863 567 2887 summa
588 2865 659 2887 011111
680 2858 856 2898 ignominia
878 2860 995 2890 tributa
1043 2856 1123 2885 viori
1153 2852 1370 2885 Naharvalos
1400 2853 1539 2892 praefert
1568 2853 1662 2883 etiam
1685 2852 1804 2882 Grimm
1826 2848 1904 2881 lor-

131 2898 283 2938 pendent,
304 2901 449 2940 quamvis
470 2903 538 2934 suis
558 2912 600 2934 ex
622 2904 816 2936 fortitudinis
831 2915 919 2937 arma
934 2907 994 2936 sibi
1042 2899 1170 2931 „audes
1198 2912 1229 2940 p.
1260 2903 1316 2931 54:
1346 2897 1415 2930 Der
1445 2895 1594 2930 sacerdos
1616 2898 1761 2929 muliebri
1791 2901 1904 2929 ornatu

129 2953 244 2985 pm
264 2955 321 2984 0⁰2
349 2948 410 2979 Πίῦὶ
431 2949 540 2989 ignavi
561 2954 689 2989 essent,
710 2953 821 2993 iugum
843 2956 992 2984 excutere
1043 2945 1167 2978 beiden
1186 2944 1454 2978 Naharoarcalen
1470 2944 1552 2976 lasse
1570 2955 1630 2975 uns
1647 2945 1742 2975 einen
1759 2944 1793 2975 in
1807 2942 1904 2974 binde

128 2996 273 3032 possent,
294 3003 366 3026 cum
396 2997 533 3028 dominis
555 3002 668 3031 contra
696 3009 737 3030 ne
757 3000 890 3040 ferrum
913 2999 992 3041 qui-
1041 2993 1112 3025 und
1141 2993 1199 3025 hue
1234 2993 1284 3024 bea·
1316 2992 1378 3023 den
1411 2990 1541 3023 Gothen
1574 2990 1696 3023 culmen.
1739 2992 1902 3022 ORELLI.

130 3037 204 3071 ‘lem
224 3042 405 3083 supersie,“
433 3047 469 3075 ut
490 3054 531 3075 ex
554 3046 588 3077 C.
611 3049 630 3076 6
653 3048 803 3086 supplere
826 3048 910 3078 licet.
945 3048 993 3077 Ita
1041 3043 1160 3072 Grimm
1189 3043 1225 3072 G.
1248 3043 1286 3071 D.
1310 3041 1341 3071 S.
1370 3050 1401 3079 p.
1424 3043 1503 3077 715,
1532 3039 1726 3070 Milllenhoff
1749 3039 1782 3069 Z.
1805 3039 1843 3068 D.
1864 3038 1903 3068 A.

129 3088 163 3118 et
181 3088 268 3127 apud
281 3090 420 3131 Aestyos
441 3101 532 3124 rarus
554 3093 630 3124 ferri
652 3103 737 3125 usus.
754 3095 789 3125 C.
806 3097 855 3124 45.
878 3095 926 3125 De
942 3095 992 3124 his
1039 3091 1068 3126 9,
1091 3090 1150 3118 254
1166 3098 1246 3127 sqq„
1269 3089 1322 3127 qui
1344 3088 1530 3118 bien-aticum
1552 3088 1661 3117 statuit
1685 3095 1756 3116 esse
1778 3094 1902 3115 nomen.

129 3133 247 3166 fodinis
267 3137 368 3168 Zeuss
388 3138 428 3169 D.
452 3141 520 3170 118.
549 3141 652 3172 Aliter
672 3144 767 3181 atque
791 3142 906 3177 Orelli,
935 3140 991 3171 sed
1042 3153 1077 3157 -
1101 3133 1258 3166 muliebri
1287 3134 1427 3172 ornam]
1457 3134 1650 3164 Luculenter
1671 3133 1719 3163 his
1746 3132 1785 3162 de
1808 3132 1902 3163 rebus

129 3190 243 3213 vereor
262 3193 303 3214 ne
324 3193 502 3225 perperam,
524 3187 564 3217 de
580 3188 641 3218 hac
657 3197 691 3218 re
711 3189 821 3218 statuit
836 3187 989 3217 Wacker-
1039 3184 1188 3214 disseruit
1216 3182 1410 3214 Miillenhofl'
1437 3182 1471 3211 Z.
1494 3182 1533 3211 D.
1564 3182 1602 3211 A.
1624 3180 1705 3217 XII,
1734 3181 1793 3209 8⁴6
1822 3188 1901 3218 sqq„

128 3229 225 3269 nngel
249 3230 282 3260 Z.
300 3231 342 3262 D.
358 3232 398 3263 A.
419 3233 478 3271 IX,
504 3243 535 3273 p.
555 3237 628 3271 553,
653 3244 684 3265 11.
710 3236 777 3265 122.
800 3250 838 3256 -
861 3233 990 3275 iugum·
1039 3231 1093 3270 qui
1115 3230 1187 3260 ideo
1203 3230 1400 3260 sacerdotem
1415 3228 1559 3258 muliebri
1582 3230 1695 3258 ornatu
1716 3227 1814 3256 fuisse
1843 3226 1899 3255 do·

129 3275 208 3316 que]
223 3277 378 3317 Acidalio,
399 3281 453 3320 qui
469 3279 650 3322 iuyumque
665 3282 763 3312 verba
778 3282 869 3311 uncis
889 3281 989 3310 inclu-
1039 3280 1099 3313 cet,
1128 3276 1213 3315 quod
1238 3286 1278 3306 ex
1304 3273 1555 3316 Hasdiuyornm
1580 3278 1676 3313 gente
1704 3274 1794 3312 regia
1818 3282 1899 3303 unus

127 3323 179 3362 sit,
193 3330 401 3358 assenserunt
414 3327 507 3359 Halm
526 3331 627 3359 contr.
644 3328 690 3359 St.
705 3338 736 3367 p.
755 3330 792 3358 15
808 3331 840 3359 et
853 3328 989 3359 3811181·-
1039 3327 1115 3355 erat.
1154 3321 1367 3363 Hasdinyi
1400 3321 1441 3352 ise
1471 3319 1685 3352 bekamoelich
1714 3319 1773 3350 aler
1802 3327 1898 3349 ηαιηε
