2176 3672
750 321 920 366 mana
949 321 1027 366 m.
1088 320 1190 376 cap.
1223 320 1287 365 12.
1320 319 1386 364 13.
1862 315 1944 363 401

180 436 443 492 praefectum
472 436 555 481 sibi
585 437 786 489 destinat,
815 437 888 491 qui
915 449 1095 491 propere
1135 436 1392 480 adcucurrit.
1441 434 1603 478 Bassus
1639 433 1847 476 honorata
1876 444 1947 476 cu-

181 517 327 561 stodia
354 517 615 562 Liburnicis
628 518 814 561 navibus
844 517 1010 560 Atriam
1049 520 1272 571 pervectus
1311 529 1338 558 a
1366 514 1582 570 praefecto
1621 514 1716 557 alae
1743 513 1948 557 Vivennio

181 593 336 642 Rufino
361 585 623 652 praesidium
655 598 743 642 illic
785 598 978 653 agitante
1017 596 1223 650 vincitur,
1265 597 1342 640 sed
1382 595 1554 640 exoluta
1593 595 1739 638 statim
1780 593 1949 638 vincula

167 677 424 722 ‘interventu
464 678 614 721 Hormi
654 678 851 722 Caesaris
890 677 1054 721 liberti:
1100 678 1139 720 is
1177 689 1343 731 quoque
1380 677 1493 719 inter
1532 676 1662 718 duces
1698 673 1947 718 habebatur.

181 758 279 814 (13)
316 762 365 802 at
405 758 587 802 Caecina
627 757 862 802 defectione
910 758 1060 802 classis
1114 757 1287 812 volgata
1326 757 1533 811 primores
1573 755 1863 799 centurionum
1906 757 1951 798 et

126 902 130 904 ῃ
181 851 342 895 paucos
371 839 567 893 militum,
597 840 750 884 ceteris
769 852 847 894 per
866 839 1046 882 militiae
1072 838 1216 882 munia
1236 837 1456 892 dispersis,
1485 840 1694 880 secretum
1715 839 1950 879 castrorum

182 917 406 964 adfectans
434 919 479 962 in
507 920 719 974 principia
746 924 881 964 vocat.
930 920 990 963 ibi
1019 919 1273 974 Vespasiani
1301 919 1503 962 virtutem
1534 917 1727 970 viresque
1763 915 1950 970 partium

182 999 372 1044 extollit:
414 999 700 1055 transfugisse
741 1001 947 1054 classem;
997 1001 1040 1043 in
1081 1004 1176 1043 arto
1215 1004 1506 1053 commeatum,
1546 1000 1749 1041 adversas
1787 994 1951 1039 Gallias

183 1080 513 1136 Hispaniasque,
542 1081 650 1124 nihil
679 1082 723 1124 in
753 1081 859 1125 urbe
886 1080 1044 1135 fidum3
1074 1085 1202 1135 atque
1231 1081 1372 1123 omnia
1400 1081 1454 1124 de
1473 1079 1647 1123 Vitellio
1675 1078 1719 1121 in
1750 1076 1952 1120 deterius.

181 1173 279 1204 mox
315 1160 639 1215 incipientibus,
683 1163 756 1216 qui
796 1162 950 1205 conscii
989 1162 1182 1215 aderant,
1226 1165 1390 1204 eeteros
1431 1173 1478 1203 re
1516 1172 1627 1202 nova
1664 1158 1871 1201 attonitos
1907 1157 1951 1199 in
1968 1169 2008 1200 ιο

182 1241 315 1286 verba
342 1242 598 1296 Vespasiani
630 1242 780 1297 adigit.
842 1242 967 1286 simul
997 1241 1160 1285 Vitellii
1189 1241 1398 1296 imagines
1427 1241 1630 1294 dereptae
1659 1242 1703 1282 et
1731 1238 1851 1280 missi
1880 1236 1953 1291 qui

182 1321 369 1366 Antonio
396 1323 655 1366 nuntiarent.
713 1323 790 1366 sed
820 1322 893 1366 ubi
922 1323 1026 1366 totis
1067 1322 1221 1365 castris
1261 1323 1305 1364 in
1344 1321 1460 1364 fama
1495 1320 1694 1375 proditio,
1733 1329 1953 1362 recurrens

180 1402 225 1445 in
266 1402 477 1458 principia
515 1403 637 1447 miles
675 1403 987 1458 praescriptum
1027 1403 1279 1458 Vespasiani
1315 1415 1465 1445 nomen
1478 1435 1490 1454 ,
1538 1401 1750 1455 proiectas
1790 1397 1953 1441 Vitellii

180 1480 346 1537 effigies
375 1484 555 1538 aspexit,
596 1488 764 1527 vastum
803 1484 941 1538 primo
975 1483 1204 1535 silentium,
1247 1495 1344 1526 mox
1388 1486 1541 1525 cuncta
1570 1479 1695 1524 simul
1716 1482 1953 1532 erumpunt.

186 1562 294 1607 ›huc
313 1563 518 1607 cecidisse
538 1562 781 1607 Germanici
811 1564 1021 1608 exercitus
1050 1563 1244 1618 gloriam,
1272 1567 1323 1606 ut
1352 1563 1444 1606 sine
1472 1561 1644 1616 proeli0,
1674 1561 1766 1604 sine
1786 1558 1954 1602 volnere
1968 1569 2009 1600 15

181 1643 348 1687 vinctas
377 1656 527 1687 manus
556 1648 599 1687 et
629 1648 758 1699 capta
778 1645 999 1688 traderent
1018 1645 1169 1688 arma?
1206 1656 1313 1698 quas
1335 1643 1446 1687 enim
1476 1655 1527 1686 ex
1547 1642 1713 1685 diverso
1732 1640 1920 1694 legiones
1933 1639 1954 1680 ἱ)

326 1796 347 1826 2
371 1793 515 1833 prefecto
584 1794 812 1826 uiuenuiorum
838 1795 895 1826 :ed
916 1805 999 1827 corr.
1020 1798 1080 1826 lm.

190 1839 312 1870 Rioeer:
333 1849 471 1871 munera
540 1844 700 1871 secretum
723 1842 900 1880 Ayricola:
933 1844 1100 1872 secretorfi
1133 1840 1273 1883 (secreta
1307 1838 1396 1882 dett.)

188 1887 248 1917 ln.
339 1887 421 1922 arlte
444 1886 502 1917 aad
523 1895 608 1917 corr.
637 1889 688 1917 ln
759 1888 799 1918 15
824 1887 930 1927 prelio

1152 1796 1172 1825 3
1188 1794 1335 1834 presidia
1358 1803 1439 1824 corr.
1458 1803 1498 1823 ex
1512 1791 1657 1832 presidio
1672 1793 1730 1822 lm.
1802 1793 1821 1822 6
1845 1790 1956 1820 munia

1490 1839 1510 1869 8
1534 1838 1762 1876 transfugisset
1791 1836 1849 1867 sed
1869 1845 1952 1867 corr.

185 2043 306 2074 pugna.
332 2035 419 2066 Suet.
444 2035 541 2065 Dom.
567 2035 598 2065 6.
625 2034 691 2066 Dio
715 2037 769 2074 68,
794 2037 825 2067 9.
857 2037 992 2076 Eutrop.
1020 2038 1050 2073 7,
1085 2035 1218 2066 allicere
1241 2034 1423 2065 conabatur
1439 2034 1626 2072 curiosos;‹
1653 2032 1790 2064 verbum
1803 2031 1948 2063 studiose

187 2093 241 2123 23.
266 2092 428 2130 1uven.4,
454 2093 536 2123 111:
563 2091 608 2122 Ec
630 2092 687 2131 qm*
709 2093 886 2124 vulturibus
903 2093 1052 2124 servabat
1085 2092 1276 2131 quaesitum.
1301 2109 1344 2114 —
1369 2092 1402 2122 in
1425 2095 1499 2122 arto
1521 2088 1737 2133 commeatum]
1763 2089 1954 2129 praesertim

185 2148 311 2178 aiacem
324 2148 434 2179 Dacis.
463 2149 564 2180 LIPS.
590 2166 633 2171 —
658 2148 858 2193 adcucurrit]
884 2160 959 2180 nam
985 2160 1050 2180 non

185 2204 305 2235 iniuria
326 2205 448 2236 milites
473 2206 667 2237 diffidebant
690 2211 756 2237 tam
780 2207 895 2238 timido
930 2212 962 2238 et
985 2217 1052 2238 am-

185 2261 286 2302 biguo
309 2263 384 2293 duci
417 2263 559 2302 partium
583 2264 695 2294 Basso.
731 2264 868 2295 Durum.
892 2283 935 2287 —
959 2264 1052 2295 hono-

184 2323 261 2350 rata
272 2319 429 2360 modia]
455 2329 551 2359 quam
576 2321 619 2351 ob
643 2331 776 2352 causam
801 2332 865 2352 non
889 2322 978 2359 dicit,
996 2322 1052 2352 sed

185 2376 283 2407 facile
306 2381 357 2408 est
380 2376 540 2416 divinata,
575 2382 760 2418 suspectam
792 2379 953 2410 mansisse
983 2379 1053 2409 eius

187 2433 295 2473 fidem,
320 2442 518 2473 quamquam
552 2440 719 2466 auctorem
748 2436 790 2466 ad
814 2436 1052 2475 Vespasianum

184 2491 384 2522 desciscendi
407 2501 444 2522 ee
467 2492 671 2531 praebuerat.
707 2493 804 2524 Certe
828 2493 910 2523 nihil
935 2493 1054 2523 excidit

184 2548 270 2579 inter
292 2557 349 2578 vv.
359 2548 492 2587 praebet
514 2553 548 2579 et
573 2549 699 2587 clauis,
723 2550 770 2580 uti
795 2554 885 2581 ratus
901 2553 951 2580 est
962 2550 1052 2580 Wal-

185 2605 267 2636 ther.
282 2605 400 2636 Ritteri
423 2606 666 2637 adnotationem
679 2606 829 2638 dabimus
845 2608 879 2637 in
895 2607 1051 2638 Excursu.

186 2678 229 2686 —
243 2662 384 2702 ma]
410 2663 563 2694 scribitur
586 2663 683 2694 etiam
707 2664 835 2702 Hatria,
860 2664 918 2695 sed
934 2658 1053 2703 Ἀτρία

185 2718 304 2750 Str-bo
344 2721 375 2758 5,
411 2730 443 2759 p.
482 2721 547 2751 214
586 2724 619 2751 et
650 2720 736 2750 Plin.
771 2723 804 2759 3,
840 2722 920 2752 120:
956 2719 1056 2750 nobili

179 2780 278 2816 portu
309 2776 423 2816 oppidi
457 2776 631 2808 Tuscorum
667 2778 794 2816 (eorum
828 2777 963 2815 scilicet,
998 2777 1052 2815 qui

185 2833 263 2864 olim
294 2843 386 2864 oram
421 2834 521 2864 maris
556 2833 735 2873 superioris
766 2837 975 2873 occuparant.
1012 2833 1051 2863 cf.

187 2890 306 2920 uitae»-
327 2890 487 2921 Etrusker
511 2891 535 2920 1.
574 2901 607 2930 p.
634 2892 700 2922 144
734 2895 766 2921 et
799 2888 893 2931 228.)
929 2890 1051 2926 Arriae,

185 2945 491 2985 aqqumvaea'emn
512 2957 602 2978 mare
624 2951 698 2978 ante
715 2946 951 2990 appeuabaeur,
969 2947 1056 2984 quod

1087 2159 1126 2180 ex
1151 2151 1312 2189 Aegypto.
1339 2167 1381 2172 —
1405 2149 1440 2179 in
1463 2147 1611 2188 dem]
1645 2146 1864 2178 contionando
1899 2146 1953 2175 de-

1087 2210 1228 2245 torquet,
1254 2206 1415 2245 imprimis
1441 2205 1612 2236 Vitellium
1635 2213 1710 2235 mox
1734 2202 1776 2233 ab
1802 2201 1954 2232 omnibus

1088 2265 1251 2295 desertum
1276 2263 1316 2293 iri
1340 2263 1539 2302 significans.
1566 2261 1726 2301 Iosephus
1742 2259 1819 2290 B.1.
1846 2261 1878 2294 4,
1902 2260 1953 2295 11,

1089 2323 1108 2352 2
1122 2331 1130 2350 τ
1155 2320 1320 2353 ταπεινῶν
1334 2317 1393 2362 μὲν
1409 2316 1452 2352 τὰ
1464 2314 1660 2352 Οὖιτελλίου
1684 2314 1878 2359 πράγματα,
1893 2312 1955 2356 τὴν

1089 2373 1344 2410 Οὐεσπασιανοῦ
1368 2374 1407 2411 δὲ
1433 2373 1528 2419 ἰσχῦν
1552 2373 1709 2417 ἐπαίρων.
1728 2391 1773 2397 -
1792 2370 1954 2415 dereptae]

1090 2435 1207 2474 raptim
1241 2435 1405 2465 detractae
1439 2434 1479 2464 de
1513 2432 1615 2471 signis
1644 2431 1838 2469 vexillisque
1862 2429 1955 2460 texti-

1089 2491 1188 2528 libus,
1223 2491 1355 2530 quibus,
1391 2495 1427 2521 ut
1450 2495 1519 2521 tum
1542 2498 1614 2520 mos
1646 2488 1781 2524 ferebat,
1817 2487 1956 2517 innexae

1090 2553 1193 2579 erant.
1220 2549 1260 2579 cf.
1286 2551 1372 2580 Ann.
1397 2550 1430 2587 4,
1457 2549 1489 2578 2.
1523 2547 1610 2577 Bur.
1634 2546 1699 2576 Dio
1726 2545 1780 2584 65,
1809 2544 1868 2574 10:
1893 2540 1956 2579 τὰς

1088 2605 1147 2638 τοῦ
1191 2603 1361 2638 Βιτελλίου
1406 2600 1540 2641 εἰκόνας
1586 2598 1650 2636 α’πό
1693 2602 1761 2635 τῶν
1803 2598 1955 2642 σημείων

1089 2661 1255 2695 autenm.
1277 2678 1314 2684 -·
1332 2662 1404 2692 totis
1430 2660 1557 2701 maris]
1583 2661 1618 2690 in
1642 2669 1725 2699 quae
1748 2658 1847 2689 ceteri
1863 2661 1956 2688 erant

1090 2719 1213 2750 reversi
1239 2729 1279 2750 ex
1303 2719 1371 2750 illis
1388 2718 1523 2749 militiae
1539 2717 1728 2748 muneribus
1751 2719 1785 2747 et
1807 2716 1858 2746 his
1875 2724 1954 2753 quo-

1089 2785 1152 2815 que
1174 2777 1360 2807 innotuerat
1373 2775 1524 2815 proditio.
1550 2775 1585 2805 in
1597 2775 1699 2814 sama
1721 2782 1781 2813 pro
1800 2773 1957 2811 »vulgata

1089 2837 1190 2864 erat«
1216 2834 1282 2872 (Ita
1306 2837 1427 2869 narrat,
1451 2836 1487 2862 ut
1511 2832 1620 2863 statim
1645 2830 1787 2861 movisse
1809 2839 1845 2860 se
1862 2829 1956 2860 miles

1089 2891 1249 2921 videatur.
1297 2892 1340 2920 At
1376 2889 1581 2928 aegesippus
1605 2890 1638 2923 4.
1663 2889 1707 2919 30
1742 2891 1871 2917 noctem
1907 2886 1955 2916 in-

1089 2947 1230 2986 terponit
1254 2952 1286 2977 et
1309 2956 1405 2976 mane
1429 2946 1558 2976 demum
1592 2948 1750 2983 myaces
1779 2943 1956 2981 mys-acis

184 3013 269 3034 nune
302 3003 552 3044 Haffiaticwn;
581 3004 678 3036 hodie
709 3003 830 3035 Adria.
855 3021 899 3026 —
930 3004 957 3034 ia
982 3013 1054 3042 quo-
1088 3003 1207 3043 qlod-tis
1230 3003 1390 3034 emt-abae
1413 3011 1507 3042 super
1532 3001 1702 3032 Caecinam
1726 3000 1816 3031 facit.
1852 2999 1955 3030 Lus.

187 3059 255 3099 que]
280 3061 401 3091 Amare
424 3061 486 3092 hoc
510 3066 542 3093 et
564 3071 637 3092 eum
662 3062 773 3092 dolore
798 3061 930 3091 dictum.
964 3062 1005 3090 cs.
1025 3063 1054 3097 1,

188 3117 242 3148 ⁷6.
268 3116 404 3147 Duum.

235 3174 289 3204 ιε.
320 3173 453 3205 „aiau
482 3175 604 3217 mum]
640 3178 670 3213 1,
706 3177 750 3207 48
784 3163 888 3206 caera
923 3174 1054 3204 mamae

188 3228 296 3259 munia
320 3231 351 3267 5,
378 3231 417 3261 21
446 3229 516 3261 alia
539 3232 671 3263 militiae
695 3231 813 3262 nuria.
839 3233 1050 3268 Ann.15,11

189 3290 304 3317 meta
326 3285 459 3318 militiae
481 3288 592 3319 mum'a
614 3290 654 3319 ef.
670 3289 772 3320 Rider
795 3289 836 3319 ad
862 3290 948 3319 Anu.
976 3290 1007 3324 3,
1022 3290 1053 3320 2.

188 3361 232 3366 -
257 3347 407 3374 secutum
430 3344 619 3385 mam]
652 3344 686 3375 id
710 3350 760 3376 eat
782 3354 948 3384 aucupans
974 3348 1053 3374 tem-

189 3409 263 3439 pus,
287 3408 351 3438 quo
375 3400 518 3431 solitudo
543 3405 630 3433 esset
660 3403 694 3432 in
718 3402 844 3433 castris.
883 3390 1073 3435 avemus}

1090 3062 1171 3091 Rem
1196 3061 1243 3091 ita
1267 3063 1378 3090 narrat
1389 3059 1549 3098 Iosephus
1575 3059 1596 3088 l.
1624 3059 1667 3088 l.:
1693 3055 1758 3099 τῆς
1781 3050 1956 3097 δὲῖαὗτῆς

1089 3114 1209 3153 νυκτὸς
1233 3113 1389 3157 ἐμπίπτει
1413 3111 1571 3156 μετάνοια
1594 3116 1665 3151 τοῖς
1689 3109 1928 3154 στρατιώταις·
1942 3131 1955 3137 -

1091 3192 1105 3197 -
1121 3170 1332 3214 σπασάμενοι
1368 3169 1408 3205 δὲ
1431 3168 1473 3204 τὰ
1499 3169 1580 3212 ξίφη
1604 3167 1661 3204 τὸν
1686 3168 1866 3203 Καικίνναν
1890 3164 1955 3211 ὥρ-

1091 3239 1203 3271 μησαν
1238 3223 1391 3267 ἐνελεῑν.)
1418 3246 1460 3251 -
1487 3225 1738 3271 praeter-tw]
1772 3228 1806 3258 in
1842 3227 1954 3266 signis.

1091 3286 1173 3317 Vide
1199 3286 1346 3325 Lipsinm
1381 3286 1423 3315 ad
1448 3295 1475 3316 c.
1501 3287 1554 3317 31.
1580 3302 1623 3308 —
1648 3282 1775 3328 σιηκω]
1800 3285 1956 3315 hactenus

1091 3342 1277 3383 pectoribus
1302 3342 1450 3372 inclusa:
1475 3342 1581 3379 dolor,
1606 3342 1795 3379 indignatio,
1827 3342 1887 3378 ira,
1911 3342 1954 3372 si-

1091 3400 1188 3429 milia.
1204 3416 1246 3422 —-
1257 3399 1318 3429 huc
1334 3397 1495 3441 cecidisse]
1519 3399 1659 3438 simplex
1677 3407 1735 3438 pro
1752 3399 1954 3437 composito3

189 3474 232 3480 -—
268 3455 450 3500 adfectans]
485 3458 577 3497 »ipso
610 3459 671 3490 hoc
704 3464 829 3490 secreto
872 3440 1160 3490 castrorumlsine
1184 3466 1283 3487 causa
1296 3455 1452 3487 Heinsius
1475 3455 1617 3487 malebat
1632 3454 1794 3492 recidiua,
1819 3455 1954 3494 Ruperti
