2176 3672
625 331 798 375 LIBER
826 330 906 375 111.
965 331 1069 385 Cap.
1099 330 1167 375 75.
1199 331 1267 376 76.
1300 332 1368 376 77.
1399 295 1468 377 78.
1601 296 1604 297 ⁷
1851 333 1937 377 449

155 444 284 489 sistit.
313 444 414 489 inde
442 444 645 488 milesad
679 446 853 488 caedem
884 445 1020 498 magis
1050 458 1176 500 quam
1206 447 1260 490 ad
1291 460 1477 501 pugnam
1509 448 1711 491 decurrit.
1740 451 1939 491 sternunt

156 524 341 577 inermos
368 529 446 573 aut
472 537 594 568 arma
623 522 838 579 capientes
867 529 912 568 et
949 525 1153 578 quosdam
1194 539 1339 569 somno
1380 527 1562 579 excitos,
1605 540 1700 571 cum
1741 526 1939 580 tenebriS,

155 612 326 659 pavore,
336 603 496 660 [sonitu
526 605 738 657 tubarum,
768 605 951 648 clamore
981 605 1123 648 hostili
1155 606 1442 650 turbarentur.
1501 607 1626 662 pauci
1650 607 1938 662 gladiatorum

156 684 404 728 resistentes
436 697 571 739 neque
599 684 725 727 inulti
756 685 958 728 cecidere.
1001 685 1132 728 ceteri
1162 687 1216 728 ad
1260 699 1390 730 naves
1430 687 1635 741 ruebant,
1674 687 1747 731 ubi
1789 692 1941 730 cuncta

155 763 880 819 parissformidineanlicabantur‚
909 764 1132 819 permixtis
1162 767 1365 820 paganis,
1395 779 1500 820 quos
1543 767 1658 810 nullo
1698 767 1941 810 discrimine
1978 787 1998 815 5

157 842 379 887 Vitelliani
407 844 695 888 trucidabant.
742 856 818 887 sex
846 844 1098 889 Liburnicae
1128 846 1246 888 inter
1269 846 1454 900 primum
1485 847 1715 890 tumultum
1756 858 1940 899 evasere,

156 923 199 967 in
229 924 327 979 quis
354 922 597 978 praefectus
627 924 775 968 classis
803 924 1084 979 Apollinaris;
1116 925 1306 979 reliquae
1331 927 1373 968 in
1394 925 1523 969 litore
1543 931 1694 981 captae
1714 930 1790 969 aut
1813 927 1939 970 nimio

155 1003 367 1047 ruentium
398 1016 526 1047 onere
553 1016 722 1059 pressas
751 1017 868 1048 mare
897 1004 1055 1049 hausit.
1087 1006 1277 1050 Iulianus
1306 1006 1361 1049 ad
1392 1007 1439 1049 L.
1460 1006 1680 1050 Vitellium
1708 1007 1941 1062 perductus

157 1087 202 1126 et
231 1083 479 1128 verberibus
508 1083 704 1128 foedatus
734 1085 776 1127 in
807 1098 882 1128 ore
911 1085 1002 1128 eius
1022 1086 1253 1139 iugulatur.
1282 1085 1401 1129 fuere
1421 1087 1493 1140 qui
1516 1099 1688 1130 uxorem
1711 1086 1758 1129 L.
1779 1085 1940 1130 Vitellii

156 1163 366 1207 Triariam
397 1164 666 1217 incesserent,
696 1169 899 1218 tanquam
930 1165 1072 1218 gladio
1102 1166 1279 1209 militari
1307 1165 1446 1210 cincta
1466 1167 1578 1209 inter
1596 1166 1759 1209 luctum
1779 1166 1939 1210 clades·
1958 1185 1998 1213 ιο

158 1256 240 1299 que
270 1249 537 1298 expugnatae
557 1245 813 1288 Tarracinae
842 1245 1022 1299 superbe
1041 1257 1249 1299 saeveque
1269 1246 1439 1300 egisset.
1470 1230 1562 1300 ipse
1583 1246 1771 1289 lauream
1792 1249 1942 1300 gestae

160 1335 363 1378 prospere
392 1326 454 1367 rei
484 1325 538 1367 ad
572 1323 748 1368 fratrem
780 1325 909 1377 misit,
938 1330 1239 1379 percunctatus
1268 1326 1415 1369 statim
1454 1327 1623 1380 regredi
1666 1339 1713 1370 se
1751 1340 1816 1379 an,
1845 1339 1942 1381 per-

159 1404 397 1448 domandae
418 1404 675 1458 Campaniae
706 1405 902 1448 insistere
931 1405 1108 1449 iuberet.
1140 1406 1252 1460 quod
1283 1406 1471 1449 salutare
1501 1418 1580 1448 non
1602 1406 1727 1450 modo
1747 1406 1941 1460 partibus

157 1485 406 1539 'Vespasiani
437 1485 513 1529 sed
543 1485 623 1541 rei„
634 1485 828 1539 publicae
856 1485 951 1528 fuit.
996 1497 1093 1528 nam
1124 1486 1163 1528 si
1193 1498 1337 1528 recens
1366 1486 1544 1529 victoria
1576 1487 1696 1529 miles
1726 1491 1770 1529 et
1812 1498 1942 1540 super

156 1564 328 1609 insitam
358 1565 641 1619 pervicaciam
662 1565 857 1609 secundis
875 1564 994 1608 ferox
1015 1565 1189 1608 Romam
1211 1566 1512 1619 contendisset,
1542 1566 1658 1608 haud
1678 1578 1813 1620 parva
1834 1567 1941 1609 mole
1958 1582 1998 1612 15

157 1649 369 1689 certatum
400 1657 475 1689 nec
507 1646 597 1688 sine
629 1645 757 1688 exitio
787 1645 905 1688 urbis
934 1645 1057 1689 foret.
1117 1645 1274 1699 quippe
1304 1646 1351 1689 L.
1382 1645 1553 1689 Vitellio
1583 1646 1775 1699 quamvis
1795 1646 1942 1689 infami

157 1725 298 1769 inerat
326 1725 561 1778 industria;
594 1738 669 1768 nec
689 1725 935 1780 virtutibus,
965 1730 1014 1768 ut
1034 1726 1144 1779 boni,
1176 1726 1252 1769 sed
1274 1737 1356 1779 quo
1376 1726 1500 1769 modo
1522 1726 1731 1779 pessimus
1750 1727 1942 1782 quisque,

157 1805 277 1848 vitiis
306 1805 488 1849 valebat.

275 1886 371 1940 (78)
392 1885 500 1927 Dum
523 1885 629 1928 haec
649 1886 691 1928 in
712 1886 908 1939 partibus
930 1885 1092 1928 Vitellii
1115 1890 1333 1939 geruntur,
1361 1885 1578 1939 digressus
1598 1885 1760 1929 Narnia
1780 1887 1941 1940 Vespa-

158 1965 268 2008 siani
299 1966 509 2008 exercitus
538 1965 671 2008 festos
691 1964 867 2008 Saturni
897 1966 989 2008 dies
1010 1965 1194 2008 Ocriculi
1215 1977 1291 2018 per
1311 1966 1444 2008 otium
1465 1965 1672 2020 agitabat.
1705 1978 1832 2009 causa
1854 1970 1940 2008 tam
1956 1986 2000 2015 20

159 2057 318 2100 pravae
357 2058 521 2098 morae,
560 2052 609 2088 ut
648 2045 889 2088 Mucianum
929 2046 1236 2099 opperirentur.
1282 2058 1356 2088 nec
1395 2044 1569 2088 defuere
1608 2046 1681 2099 qui
1714 2045 1941 2088 Antonium

158 2125 472 2180 suspicionibus
502 2130 729 2178 arguerent
757 2130 959 2178 tanquam
991 2125 1088 2168 dolo
1118 2130 1386 2168 cunctantem
1426 2129 1525 2178 post
1565 2129 1751 2168 secretas
1781 2125 1944 2168 Vitellii

160 2206 384 2261 epistulas,
414 2206 570 2260 quibus
601 2205 866 2248 consulatum
897 2212 941 2248 et
972 2205 1152 2248 nubilem
1184 2204 1314 2248 filiam
1345 2210 1390 2247 et
1419 2205 1586 2248 dotales
1616 2217 1717 2258 opes
1757 2205 1941 2259 pretium

160 2286 413 2340 proditionis
442 2285 660 2329 offerebat.
722 2285 795 2328 alii
825 2285 925 2328 ficta
955 2285 1059 2328 haec
1098 2290 1142 2328 et
1181 2286 1223 2327 in
1261 2286 1444 2339 gratiam
1476 2285 1659 2329 Muciani
1699 2285 1943 2339 composita.

161 2367 333 2421 quidam
365 2367 549 2409 omnium
581 2366 624 2408 id
655 2367 807 2409 ducum
841 2366 1059 2409 consilium
1088 2365 1234 2417 fuisse,
1265 2370 1478 2409 ostentare
1507 2366 1649 2419 potius
1670 2365 1763 2407 urbi
1785 2364 1940 2407 bellum
1957 2381 1999 2410 25

161 2459 289 2501 quam
319 2444 497 2499 inferre,
529 2447 697 2500 quando
727 2446 1015 2489 validissimae
1045 2445 1239 2489 cohortes
1283 2458 1310 2488 a
1340 2445 1513 2489 Vitellio
1557 2445 1860 2499 descivissent,
1897 2448 1943 2487 et

276 2587 296 2616 ὃ
323 2584 484 2615 liburniae
602 2587 619 2615 7
647 2584 812 2622 prefectus
905 2585 1048 2623 reliquas
1149 2588 1253 2624 capte.
1280 2588 1315 2615 nt
1432 2585 1452 2614 8
1468 2584 1618 2623 sonasse
1641 2583 1942 2636 irruentium-Nip-

155 2642 279 2683 perdey
372 2644 391 2673 9
417 2641 545 2681 sedatus
629 2643 669 2672 10
695 2641 896 2672 incesserent
920 2641 955 2670 b:
981 2642 1186 2672 incesserant
1258 2640 1378 2683 cinc'tt
1464 2643 1502 2671 11
1527 2631 1676 2672 'fraeinae
1710 2644 1820 2682 (cuper
1843 2645 1858 2671 t
1879 2651 1942 2672 ων.

162 2699 183 2719 ι
219 2686 294 2729 ln.)
410 2697 527 2726 senem
650 2685 750 2729 12l13
792 2687 1014 2726 perdomandx
1047 2687 1144 2728 (corr.
1183 2685 1261 2726 lm.)
1381 2690 1420 2718 15
1461 2690 1566 2726 parui
1600 2686 1720 2730 (notam
1758 2686 1818 2718 del.
1866 2685 1943 2724 ln.)

165 2735 205 2766 1⁰1
244 2733 341 2765 bonis
376 2732 405 2776 (s
442 2733 503 2763 del.
546 2733 620 2772 lm.)
725 2733 822 2763 modo
858 2733 940 2763 dela
975 2732 1118 2763 Εωεπιν
1233 2735 1274 2763 19
1310 2734 1368 2764 hec
1483 2734 1527 2764 20
1564 2734 1646 2764 festo
1763 2735 1802 2763 21
1841 2742 1942 2772 praue

163 2781 206 2812 23
230 2780 325 2820 epla:
348 2789 417 2809 cum
439 2779 496 2809 lin.
522 2779 557 2810 in
579 2778 638 2809 liu.
665 2779 675 2808 1
768 2778 841 2816 iitiii
959 2779 1001 2809 24
1026 2777 1086 2816 gb
1202 2780 1244 2809 26
1270 2778 1474 2810 ualidissime

163 2916 207 2947 nb
231 2917 297 2948 iuis
316 2916 467 2956 oecupsri
485 2916 636 2955 potuerit.
656 2933 697 2938 -—
720 2913 896 2945 verberibus
913 2914 1034 2954 foeda—
1052 2907 1053 2917 ³
1070 2915 1160 2954 cipue
1193 2915 1338 2946 ladas-he
1371 2914 1638 2953 victoriarumque
1673 2914 1785 2944 nanda
1808 2913 1943 2944 adda-nr

162 2970 228 3016 oua]
253 2973 352 3012 Vei-g.
370 2974 450 3004 Aen.
475 2975 528 3011 11,
546 2975 610 3004 86:
638 2972 771 3003 Pectora
793 2982 877 3002 nune
898 2971 1034 3008 foedans
1070 2972 1183 3003 litteris
1208 2976 1237 3001 et
1272 2972 1406 3002 militum
1438 2971 1559 3001 larmir
1590 2971 1740 3010 pilisque.
1779 2987 1820 2992 —
1857 2970 1944 3009 quod

159 3030 278 3069 mnis
310 3039 395 3061 mc
426 3029 582 3068 usisibus
609 3039 678 3060 ora.
718 3047 760 3052 --
796 3029 830 3059 οἶσι
864 3038 918 3059 ore
953 3027 1033 3071 ciue]
1070 3026 1227 3070 sufflare]
1255 3028 1467 3059 intervallum
1493 3028 1576 3058 illud
1601 3028 1770 3066 temporis,
1795 3036 1859 3065 quo
1878 3027 1941 3057 fra—

164 3086 290 3118 Senem
313 3086 355 3118 de
380 3087 493 3119 Bonos.
522 3089 554 3126 7,
583 3089 635 3125 19,
661 3088 704 3117 8:
730 3086 760 3116 si
781 3086 817 3116 in
840 3096 894 3116 ore
915 3095 1033 3125 paren·
1070 3086 1129 3116 tris
1154 3094 1347 3124 responsum
1372 3085 1584 3123 exspectavit.

163 3147 229 3174 w-
248 3142 366 3174 lssoeoe
387 3143 531 3183 inq-lau
567 3144 654 3183 quod
683 3144 779 3183 Verg.
806 3143 863 3174 Ge.
891 3145 923 3177 4,
946 3144 1033 3174 477:
1116 3143 1170 3172 78.
1208 3139 1352 3184 Nomia]
1388 3140 1428 3171 es.
1460 3151 1487 3171 c.
1514 3142 1556 3172 58
1592 3145 1623 3171 et
1652 3143 1706 3173 63.
1747 3158 1789 3163 --
1836 3143 1942 3179 lodov

165 3203 239 3230 outo
255 3205 503 3240 amparem.
530 3200 666 3232 Onmu..
688 3218 731 3224 -
748 3200 860 3240 uladio
883 3198 1032 3242 miloeari]
1072 3199 1207 3229 Saturni
1230 3195 1311 3240 dica]
1344 3198 1431 3228 XVI.
1460 3198 1533 3228 Kal.
1561 3198 1631 3229 lan.
1657 3198 1701 3238 (d.
1729 3200 1780 3229 17.
1807 3207 1847 3228 m.
1877 3198 1941 3228 De-

166 3257 208 3287 cf.
235 3256 359 3287 Seneca
382 3257 462 3288 dial.
489 3258 522 3296 8,
546 3259 601 3295 28,
626 3260 645 3289 2
669 3258 718 3288 ad
748 3259 846 3288 idun
883 3257 1033 3287 militarie
1070 3254 1209 3297 cembr.)
1227 3272 1269 3278 —
1296 3254 1448 3294 Oen-ienae]
1476 3254 1630 3285 Umbriae
1653 3254 1811 3294 oppidum
1840 3264 1941 3294 prope

165 3313 278 3352 qladn'.
298 3330 341 3336 —-
357 3311 516 3357 buroam]
542 3314 669 3346 litteras
686 3316 858 3346 laureatas.
885 3316 931 3345 sic
949 3314 1035 3343 Plin.
1070 3313 1270 3343 confluentes
1307 3312 1404 3341 Naris
1437 3316 1469 3341 et
1493 3311 1637 3349 Tiberis,
1670 3310 1769 3342 hodie
1794 3310 1938 3342 Ocriculi.

166 3371 288 3410 Paneg.
315 3372 354 3403 8:
384 3370 504 3401 adlata
537 3375 608 3402 om
639 3380 679 3402 a
712 3371 883 3402 Panum-⁸21
907 3371 1032 3401 laurea.
1071 3370 1127 3399 cfr.
1154 3369 1257 3400 Inser.
1283 3378 1325 3398 m.
1352 3368 1423 3398 Lat.
1457 3368 1544 3399 385⁷
1570 3369 1610 3399 de
1635 3368 1771 3399 thermis
1795 3367 1941 3398 hiemali-

167 3427 253 3458 Plio.
272 3426 314 3457 H.
333 3427 373 3458 N.
394 3429 447 3465 1⁶,
470 3428 553 3459 13³:
579 3427 738 3469 (lmese)
762 3427 915 3459 Bononia
934 3437 1031 3467 pmc-
1050 3429 1053 3438 '
1073 3427 1133 3457 bus
1158 3424 1376 3456 Ocriculauis.
1393 3442 1436 3447 -
1461 3423 1523 3455 aun·
1539 3424 1620 3463 fieta
1641 3420 1734 3467 λαω]
1758 3424 1829 3455 scil.
1854 3423 1940 3454 dice-
