2176 3672
613 332 787 376 LIBER
814 332 871 376 H.
931 331 1032 386 Cap.
1063 330 1131 376 67.
1162 331 1230 375 68.
1261 331 1327 390 69.
1359 330 1427 374 70.
1823 327 1908 371 363

134 461 286 494 servus
314 449 426 493 forte
454 448 605 492 obvius
633 451 685 491 ut
710 459 938 502 percussor
965 447 1130 490 Vitellii
1159 446 1442 499 insimulatur,
1473 448 1517 488 et
1544 444 1699 488 ruebat
1727 443 1784 486 ad
1814 455 1911 486 con-

134 530 294 574 vivium
316 529 439 573 miles
459 532 640 579 mortem
658 527 852 582 Verginii
870 539 1115 582 exposcens.
1158 540 1213 570 ne
1230 526 1431 570 Vitellius
1451 526 1637 580 quidem,
1667 536 1910 579 quanquam

134 610 194 654 ad
210 595 356 653 omnes
385 609 648 663 suspiciones
676 606 894 662 pavidus,‘·
904 609 959 651 de
979 608 1221 650 innocentia
1243 608 1334 650 eius
1353 606 1589 650 dubitavit:
1620 616 1748 658 aegre
1767 607 1911 647 tamen

134 689 311 734 cohibiti
346 689 421 744 qui
457 689 634 732 exitium
670 687 906 731 consularis
944 691 988 731 et
1017 688 1230 742 quondam
1272 687 1392 730 ducis
1430 687 1498 729 sui
1526 684 1787 738 flagitabant.
1831 696 1911 727 nec

57 823 62 827 .
133 782 388 826 quemquam
425 769 597 823 saepius
636 780 764 822 quam
791 767 1043 822 Verginium
1082 768 1217 810 omnis
1246 768 1399 811 seditio
1429 765 1667 809 infestavit:
1710 764 1910 808 manebat
1945 767 1967 799 5

134 850 363 894 admiratio
389 849 472 892 viri
500 852 545 891 et
572 847 698 902 fama,
727 851 795 891 set
823 849 1005 892 oderant
1032 852 1083 890 ut
1111 847 1307 891 fastiditi.
1367 847 1461 900 (69)
1489 849 1662 900 postero
1683 845 1753 888 die
1772 844 1908 887 Vitel-

133 930 240 984 lius,
278 932 454 974 senatus
481 928 697 983 legatione
725 941 852 983 quam
882 929 942 971 ibi
970 929 1161 982 opperiri
1189 928 1375 970 iusserat
1403 926 1573 980 audita,
1615 929 1909 979 transgressus

132 1011 179 1054 in
206 1012 350 1054 castra
377 1009 492 1052 ultro
521 1009 726 1063 pietatem
756 1008 939 1052 militum
970 1008 1263 1061 conlaudavit,
1304 1006 1583 1050 frementibus
1614 1005 1784 1048 auxiliis
1812 1008 1908 1047 tan-

130 1094 227 1135 tum
268 1090 525 1145 inpunitatis
563 1094 693 1144 atque
733 1089 1005 1142 arrogantiae
1047 1089 1292 1143 legionariis
1335 1087 1576 1130 accessisse.
1645 1086 1907 1128 Batavorum

133 1171 352 1225 cohortem
381 1183 436 1214 ne
463 1171 567 1225 quid
594 1169 880 1213 truculentius
909 1170 1133 1222 auderent,
1162 1169 1206 1211 in
1237 1167 1507 1211 Germaniam
1535 1166 1760 1218 remissae,
1788 1166 1907 1219 prin-
1921 1171 1964 1202 1⁰

134 1252 292 1307 cipium
327 1251 494 1294 interno
530 1249 658 1293 simul
688 1253 948 1304 externoque
975 1248 1087 1292 bello
1116 1249 1367 1303 parantibus
1396 1247 1510 1291 fatis
1556 1247 1729 1290 reddita
1758 1245 1907 1289 civita-

133 1331 251 1375 tibus
271 1330 490 1375 Gallorum
512 1331 683 1383 auxilia,
713 1331 861 1385 ingens
890 1342 1091 1372 numerus
1120 1333 1165 1372 et
1193 1329 1334 1383 prima
1363 1328 1509 1371 statim
1529 1326 1765 1370 defectione
1795 1326 1909 1369 inter

134 1411 279 1456 inania
305 1410 405 1454 belli
435 1411 699 1464 adsumptus.
758 1409 957 1453 Ceterum
985 1413 1036 1452 ut
1064 1408 1361 1463 largitionibus
1391 1406 1585 1451 adfectae
1623 1408 1708 1449 iam
1737 1407 1908 1461 imperii

133 1504 238 1547 opes
256 1489 514 1544 sufficerent,
544 1490 761 1545 amputari
788 1490 1002 1545 legionum
1031 1489 1370 1543 auxiliorumque
1398 1500 1598 1531 numeros
1621 1487 1742 1531 iubet
1760 1487 1907 1530 vetitis

132 1570 459 1626 supplementis;
490 1575 535 1614 et
561 1571 799 1625 promiscae
826 1571 1049 1613 missiones
1077 1569 1372 1613 offerebantur.
1418 1567 1633 1611 exitiabile
1661 1568 1707 1610 id
1735 1568 1799 1611 rei
1827 1581 1907 1622 pu·
1922 1572 1966 1603 1⁵

78 1713 83 1716 1
132 1651 291 1704 blicae‚
329 1651 546 1705 ingratum
584 1651 733 1704 militi,
776 1652 845 1694 cui
874 1652 1024 1694 eadem
1054 1650 1199 1693 munia
1228 1651 1340 1693 inter
1366 1661 1527 1703 paucos
1556 1648 1830 1703 periculaque
1858 1660 1909 1691 ac

132 1731 255 1775 labor
292 1731 481 1775 crebrius
517 1732 725 1775 redibant.
777 1735 822 1774 et
850 1731 963 1774 vires
1001 1730 1105 1774 luxu
1134 1730 1517 1784 corrumpebantur
1545 1733 1694 1772 contra
1721 1731 1907 1772 veterem

134 1811 403 1866 disciplinam
433 1816 477 1855 et
505 1812 706 1855 instituta
734 1812 964 1864 maiorum,
1002 1812 1118 1865 apud
1146 1823 1253 1866 quos
1282 1811 1443 1853 virtute
1472 1822 1599 1864 quam
1629 1809 1811 1863 pecunia
1838 1821 1907 1852 res

133 1892 325 1935 Romana
352 1891 505 1935 melius
534 1893 667 1935 stetit.

249 1971 344 2026 (70)
381 1972 487 2014 Inde
514 1971 715 2014 Vitellius
746 1971 995 2015 Cremonam
1033 1970 1152 2015 flexit
1191 1975 1235 2014 et
1263 1974 1458 2025 spectato
1496 1982 1671 2013 munere
1700 1969 1907 2013 Caecinae
1923 1974 1966 2005 2⁰

134 2052 332 2095 insistere
360 2051 712 2094 Bedriacensibus
750 2053 912 2106 campis
950 2064 999 2095 ac
1038 2052 1221 2105 vestigia
1257 2051 1442 2094 recentis
1480 2051 1685 2094 victoriae
1721 2050 1909 2093 lustrare

134 2131 269 2175 oculis
298 2132 550 2185 concupivit.
594 2130 763 2174 foedum
803 2136 932 2186 atque
970 2135 1094 2174 atrox
1132 2131 1425 2185 spectaculum
1455 2131 1571 2173 intra
1599 2130 1907 2185 quadragensi-

132 2224 249 2254 mum
276 2223 447 2265 pugnae
475 2212 608 2254 diem:
637 2211 779 2254 lacera
809 2223 1009 2265 corpora,
1039 2211 1179 2254 trunci
1208 2215 1352 2264 artus,
1381 2214 1531 2265 putres
1560 2211 1748 2254 virorum
1778 2223 1907 2265 equo-

134 2304 312 2347 rumque
331 2289 505 2344 formae,
535 2290 692 2334 infecta
721 2291 821 2335 tabo
850 2292 1020 2345 humus,
1050 2291 1246 2345 protritis
1275 2291 1497 2335 arboribus
1526 2303 1576 2333 ac
1598 2289 1793 2344 frugibus
1813 2290 1908 2333 dira

227 2421 248 2452 3
274 2414 346 2450 onie
371 2417 418 2461 (in
439 2428 541 2458 τηατ-9.
558 2414 607 2450 o‘is
633 2418 698 2460 2m)
789 2418 950 2451 dubitauit
973 2418 1008 2460 (b
1032 2427 1071 2448 ez
1093 2427 1115 2448 u
1138 2427 1220 2448 corr.
1239 2415 1303 2462 lm)
1396 2419 1416 2448 4
1442 2418 1633 2457 flagitabant
1656 2417 1692 2456 (b
1717 2428 1755 2448 ex
1778 2427 1800 2448 u
1823 2426 1906 2448 corr.

133 2466 203 2542 ἔτι.)
238 2466 315 2554 (pr-⁵
339 2468 493 2551 {zeugi
517 2467 605 2551 lm)6
630 2465 818 2542 fiuaigafiizm
850 2465 1033 2550 ἑῖνῖιζῖἶξῐ
1056 2463 1155 2540 (team.
1182 2462 1248 2540 2¹⁷1)
1271 2464 1565 2549 mffilctgoezttdiaeffi
1595 2519 1634 2539 ea:
1659 2466 1700 2540 1elt
1732 2462 1907 2548 &⁸¹:5⁸3

190 2533 202 2552 ,
284 2533 310 2552 .·
473 2535 479 2541 .
1020 2533 1028 2540 .
1809 2533 1815 2539 .

137 2560 180 2590 15
210 2557 374 2597 promisca
397 2557 589 2589 emissiones
681 2557 903 2589 offerebantur
926 2555 994 2599 (tur
1018 2565 1057 2585 ex
1079 2560 1094 2586 t
1116 2566 1200 2587 corr.
1227 2554 1292 2596 lm)
1387 2556 1427 2586 18
1463 2556 1583 2586 uirtute
1606 2555 1727 2598 (notam
1750 2555 1811 2586 del.
1840 2555 1905 2597 lm)

135 2605 176 2635 21
202 2604 260 2635 lux
282 2613 355 2635 rnre
377 2607 413 2634 ut
435 2602 569 2642 videtur,
592 2613 675 2634 corr.
703 2606 753 2635 lm
845 2604 888 2634 23
914 2601 1027 2642 pugn?
1047 2601 1105 2632 sed
1125 2606 1203 2633 nota
1226 2601 1330 2633 deleta

134 2728 212 2760 :libi
246 2729 402 2769 reperies.
438 2746 484 2753 —
519 2729 688 2770 fastiditi]
725 2730 847 2770 quippe
882 2728 1154 2773 quibusqjanae.
1200 2728 1280 2767 Agr.
1305 2728 1342 2758 6:
1375 2727 1490 2758 amnia
1511 2727 1651 2758 honoris.
1676 2744 1720 2751 -
1744 2726 1907 2768 adfectae]

135 2796 261 2818 morem
291 2796 358 2818 non
392 2787 550 2827 gessisset
579 2787 753 2827 imperium
777 2786 999 2819 offerentibus.
1015 2779 1020 2830 Ι
1036 2789 1072 2817 ut
1095 2784 1229 2824 adfecta
1252 2793 1409 2825 corpora,
1434 2784 1467 2814 id
1491 2787 1551 2821 est,
1575 2783 1759 2822 debilitata,
1784 2785 1903 2823 quibus

135 2844 273 2875 nunu.
318 2844 359 2875 cf.
385 2846 416 2883 1,
441 2845 474 2876 8.
500 2845 553 2875 52.
582 2846 612 2882 2,
636 2838 691 2876 49.
718 2846 771 2876 51.
1037 2842 1149 2874 valida
1171 2845 1392 2882 opponuntur.
1417 2841 1503 2872 nm.
1529 2857 1573 2864 -
1596 2842 1761 2881 amputari
1782 2860 1825 2866 -
1850 2853 1906 2873 nu-

181 2901 237 2932 69.
278 2898 442 2944 piantem]
481 2902 575 2940 quasi
598 2911 678 2933 vero
702 2902 736 2932 in
760 2901 818 2932 illa
842 2900 1002 2932 seditione
1037 2898 1155 2943 meros]
1179 2899 1389 2939 singulariter
1404 2898 1525 2928 dictum
1542 2907 1601 2937 pro
1618 2898 1736 2929 dimitti
1751 2908 1904 2938 magnam

135 2957 244 2996 ipsum
277 2957 501 2990 defendissent
533 2968 572 2990 ac
603 2959 824 2999 protexissent
855 2968 888 2990 v.
914 2967 940 2988 e.
960 2958 1002 2989 68
1038 2962 1164 2997 partem
1191 2957 1331 2988 militum
1363 2955 1501 2994 singulis
1534 2955 1567 2985 111
1592 2955 1780 2987 cohortibus
1794 2979 1802 2995 ‚
1838 2966 1904 2987 non

136 3013 265 3045 &enen
294 3014 437 3055 Verqinii
457 3024 565 3046 servus
581 3014 668 3054 forte
692 3015 800 3047 obmssua
822 3019 857 3046 ut
874 3023 1006 3054 percus-
1037 3018 1147 3046 tamen
1170 3014 1235 3052 ita,
1260 3017 1295 3044 ut
1319 3013 1435 3043 herum
1458 3013 1605 3051 ipsarum
1628 3021 1782 3043 numerus
1806 3012 1906 3044 demi-

138 3080 192 3102 em·
214 3071 334 3103 Vicani·
353 3072 567 3104 inehnulatur.
591 3090 637 3097 —
660 3070 860 3115 eademque]
887 3071 1004 3102 civilis
1039 3075 1212 3111 nueretur3
1248 3069 1393 3101 omnium
1418 3069 1504 3099 enim
1530 3068 1743 3100 remanebant
1773 3069 1905 3107 numeri,

138 3128 288 3168 tamum,
312 3129 368 3168 qui
384 3133 499 3168 quarto
524 3130 609 3161 libro
626 3130 822 3161 narrabitur.
846 3147 889 3152 —
914 3127 1005 3158 auxi-
1040 3128 1095 3167 qui
1120 3137 1206 3159 nune
1229 3126 1380 3157 dicuntur
1402 3126 1553 3163 Rahmen,
1577 3126 1700 3157 eadrae-

136 3182 198 3227 lia]
223 3184 342 3217 milites
357 3187 557 3226 temporarii.
580 3188 646 3219 iam
661 3188 794 3219 domum
809 3173 948 3217 remissi.
960 3202 1004 3208 —
1087 3186 1138 3216 ⁷0.
1163 3185 1250 3215 ivm
1265 3182 1574 3223 quadraqemimum]
1592 3183 1807 3222 quadraginta
1823 3193 1904 3214 non-

139 3239 266 3285 inann'a]
298 3251 405 3281 „quae
438 3244 580 3283 speeiem
608 3245 715 3284 magis
746 3243 924 3275 terribilem
949 3243 1004 3273 ha·
1040 3242 1116 3272 dum
1138 3241 1208 3272 dies
1232 3240 1468 3280 praeterierunt
1492 3239 1524 3270 h.
1543 3250 1572 3271 e.
1597 3240 1684 3270 intra
1699 3240 1732 3270 id
1749 3241 1905 3280 temporis

139 3298 255 3330 herent
287 3307 384 3338 quam
407 3300 508 3331 vim-‘⁴
554 3301 604 3332 Ee
626 3301 752 3341 species
776 3304 825 3332 est
849 3300 946 3331 etiam
971 3300 1004 3329 in
1039 3298 1198 3338 spatium,
1234 3297 1290 3327 ubi
1314 3297 1451 3336 putredo
1483 3296 1547 3326 iam
1572 3297 1651 3328 satis
1674 3297 1783 3327 omnia
1806 3307 1903 3337 pene-

140 3355 345 3387 multitudine
366 3357 554 3399 copiarum3
577 3362 611 3389 et
632 3359 694 3390 hee
715 3367 814 3390 causa
835 3358 892 3388 illa
915 3356 1002 3387 auxi-
1039 3358 1184 3385 traverat
1206 3354 1343 3385 necdum
1368 3358 1569 3384 evanuerant
1598 3354 1712 3385 foedae
1735 3354 1903 3393 reliquiae.

140 3412 185 3443 lin
208 3416 384 3452 assumpte.
426 3414 512 3444 Eun.
559 3414 613 3446 Sic
637 3416 722 3446 Ann.
747 3416 779 3454 2,
806 3415 867 3446 ⁴16:
891 3413 1004 3444 inania
1041 3413 1232 3442 WALriuzu.
1267 3428 1309 3433 —
1351 3410 1489 3441 virorum
1521 3420 1727 3450 equorumque
1757 3408 1902 3453 sannae]
