2176 3672
218 196 302 240 XII

215 312 402 361 offensa
434 328 643 362 vacuum
681 318 727 362 et
758 312 819 362 ad
854 313 1201 379 discipulorum
1236 330 1376 366 usum
1411 315 1836 367 accommodatum.
1890 317 1990 367 Ex
2007 343 2018 355 x

214 402 556 452 commentario
581 408 741 452 autem
766 402 1033 466 Orelliano,
1069 421 1214 470 quem
1239 413 1421 471 quanta
1453 408 1667 458 maxima
1700 406 1796 458 fide
1819 407 1967 473 potui,

214 493 422 554 servavi,
458 499 511 543 ut
533 493 657 543 nihil
693 509 858 543 eorum
895 495 1030 558 eieci,
1066 511 1193 561 quae
1228 496 1289 546 ad
1313 498 1607 563 explicanda
1630 498 1783 548 verba
1816 498 1967 564 scrip·

213 584 329 634 toris
362 583 602 648 pertinere
637 584 928 646 viderentur,
973 586 1041 635 ita
1075 586 1181 637 fieri
1216 603 1312 637 non
1347 594 1535 653 poterat
1569 589 1685 655 quin
1723 589 1877 639 multa
1907 589 1962 640 in

214 675 299 723 illo
337 690 397 723 ex
435 674 505 723 eis
547 681 835 739 repeterem,
884 691 1007 740 quae
1042 677 1139 727 iam
1173 678 1224 728 in
1268 678 1474 730 editione
1521 680 1766 745 Lipsiensi
1805 683 1968 745 protu-

215 765 381 814 leram.
430 764 508 814 De
539 765 788 830 plerisque
824 766 951 816 enim
986 767 1109 818 locis
1142 783 1257 825 non,
1274 770 1432 820 habeo
1467 786 1597 820 nunc
1632 771 1761 835 quod
1794 770 1971 821 melius

212 855 383 905 dicam.
455 856 534 905 Ex
571 857 641 907 eis
676 857 898 922 denique,
948 858 1032 923 qui
1072 859 1340 910 recentiore
1381 867 1539 912 aetate
1573 861 1625 911 in
1666 860 1969 928 explicandis

212 947 376 996 Taciti
423 947 563 998 libris
609 949 789 999 versati
835 954 965 1011 sunt,
1019 950 1223 1000 multum
1270 950 1321 1000 in
1366 966 1507 1003 nsum
1553 967 1714 1002 meum
1768 952 1970 1003 contulit

211 1037 448 1099 Heraeus,
484 1039 792 1090 historiarum
827 1040 992 1102 editor,
1028 1041 1141 1106 plus
1175 1041 1516 1107 Nipperdeius,
1552 1043 1690 1095 cuius
1725 1058 1966 1095 commen-

211 1129 361 1179 tarius
396 1128 682 1181 documento
719 1136 803 1194 est,
839 1148 985 1196 quam
1020 1133 1282 1183 fecundum
1305 1133 1524 1184 laborem
1554 1133 1641 1183 ille
1663 1134 1717 1183 in
1739 1134 1964 1186 omnibus

212 1220 374 1269 Taciti
408 1220 548 1272 libris
585 1223 948 1288 consumpserit.
1850 1214 1853 1216 ,

344 1335 668 1397 Berolini,
706 1337 822 1386 Kal.
858 1336 1004 1387 Febr.
1042 1335 1534 1389 MDCCCLXXVII.

1384 1515 1609 1586 Georgius
1644 1515 1900 1571 Audi-esen.

649 2067 968 2109 OOBRIGENDA
999 2065 1127 2106 SUNT
1156 2063 1359 2105 ERRATA
1388 2061 1536 2103 muz

274 2164 307 2189 1n
327 2162 527 2188 adnotatione
544 2161 656 2186 critica
678 2167 708 2192 p.
727 2160 762 2186 92
778 2158 888 2185 ultima
906 2161 980 2184 nota
996 2158 1035 2184 nd
1052 2157 1183 2190 primum
1202 2163 1323 2182 venum
1341 2154 1497 2187 nequeunt
1514 2153 1646 2186 pugium
1664 2151 1825 2179 referend-
1842 2151 1898 2180 οὐ.

682 2213 712 2237 p.
733 2207 782 2231 105
800 2211 943 2230 numeru·
962 2206 993 2229 ιι
1013 2205 1083 2229 ωηο
1101 2205 1129 2227 e!
1146 2201 1307 2234 ponendus
1325 2202 1380 2228 ent.

683 2259 711 2282 p.
733 2252 781 2275 106
800 2258 828 2276 v.
850 2252 862 2274 1
883 2256 938 2281 pro
957 2249 1046 2275 ABG
1064 2249 1134 2281 logo
1151 2247 1244 2275 Abc.

686 2304 714 2328 p.
735 2298 785 2322 115
803 2303 833 2322 v.
852 2298 867 2321 7
886 2301 942 2326 pro
960 2293 1004 2320 ali
1021 2294 1092 2326 lege
1109 2290 1173 2318 alii.
