2176 3672
621 340 796 384 LIBER
825 341 882 384 Π.
940 340 1041 395 Cap.
1073 343 1140 386 61.
1171 343 1237 386 62.
1269 342 1335 386 63.
1366 343 1433 387 64.
1835 344 1919 388 359

143 454 302 508 nicipia
329 456 376 498 et
394 454 582 498 coloniae
611 454 933 498 aemulabantur
952 458 1318 510 corruptissimum
1338 471 1548 514 quemque
1578 459 1916 503 adulescentium

146 533 287 589 pretio
309 533 499 587 inlicere.
518 555 534 565 -

260 614 356 669 (63)
385 614 471 659 Sed
489 614 688 658 Vitellius
718 616 903 660 adventu
932 615 1078 660 fratris
1109 621 1152 660 et
1181 619 1472 673 inrepentibus
1502 620 1800 664 dominationis
1828 633 1918 663 ma-

144 693 295 749 gistris
322 694 544 750 superbior
572 699 618 739 et
647 696 833 740 atrocior
861 697 998 740 occidi
1021 696 1284 741 Dolabellam
1314 700 1454 753 iussit,
1483 713 1607 755 quem
1637 701 1680 744 in
1710 701 1918 744 coloniam

144 775 403 829 Aquinatem
442 776 674 830 sepositum
714 775 768 818 ab
807 776 975 820 Othone
1013 777 1268 822 rettulimus.
1328 780 1552 823 Dolabella
1590 782 1740 824 audita
1780 784 1918 825 morte
1955 794 1974 823 5

144 853 324 898 Othonis
362 854 511 899 urbem
550 856 782 899 introierat.
833 857 880 899 id
918 858 958 900 ei
998 857 1195 901 Plancius
1224 859 1364 903 Varus
1402 864 1607 915 praetura
1634 860 1824 915 functuS,
1867 874 1919 904 ex

142 935 305 978 intimis
324 934 571 979 Dolabellae
591 937 749 990 amicis,
771 938 887 991 apud
906 938 1100 980 Flavium
1117 938 1318 982 Sabinum
1338 940 1602 994 praefectum
1617 941 1735 984 urbis
1750 941 1918 995 obiecit,

141 1017 346 1069 tanquam
383 1019 515 1070 rupta
543 1017 737 1060 custodia
766 1017 914 1060 ducem
954 1030 1001 1061 se
1028 1019 1153 1062 victis
1193 1019 1388 1073 partibus
1429 1025 1708 1065 ostentasset:
1752 1022 1920 1065 addidit

142 1097 395 1150 temptatam
425 1096 663 1150 cohortem,
693 1110 803 1152 quae
832 1098 981 1141 Ostiae
1010 1103 1178 1152 ageret;
1214 1112 1292 1143 nec
1322 1100 1422 1143 ullis
1451 1105 1667 1144 tantorum
1697 1102 1918 1145 criminum

141 1175 463 1229 probationibus
481 1177 526 1219 in
544 1177 851 1231 paenitentiam
872 1191 1023 1221 versus
1042 1191 1180 1222 seram
1201 1181 1366 1223 veniam
1395 1185 1495 1235 post
1514 1182 1652 1225 scelus
1672 1182 1916 1236 quaerebat.
1933 1196 1974 1225 ιο

142 1259 412 1300 cunctantem
451 1269 579 1310 super
616 1260 738 1300 tanta
776 1270 823 1300 re
852 1257 1047 1301 Flavium
1079 1259 1280 1303 Sabinum
1311 1260 1480 1303 Triaria
1517 1262 1563 1304 L.
1594 1262 1756 1305 Vitellii
1797 1275 1917 1316 uxor,

141 1335 258 1379 ultra
284 1334 485 1380 feminam
524 1335 667 1391 ferox,
708 1338 886 1391 terruit,
931 1351 985 1381 ne
1012 1338 1202 1393 periculo
1241 1341 1445 1395 principis
1482 1341 1639 1385 famam
1670 1342 1917 1387 clementiae

143 1414 390 1460 adfectaret.
436 1415 616 1460 Sabinus
646 1421 799 1472 suopte
828 1418 997 1472 ingenio
1026 1419 1154 1473 mitis,
1184 1419 1259 1462 ubi
1283 1420 1463 1464 formido
1492 1422 1750 1477 incessisset,
1779 1422 1917 1466 facilis

139 1498 311 1539 mutatu
340 1499 385 1540 et
411 1497 456 1539 in
485 1496 624 1540 alieno
653 1498 897 1541 discrimine
926 1498 1007 1542 sibi
1035 1512 1216 1554 pavens,
1246 1513 1300 1543 ne
1329 1501 1549 1545 adlevasse
1577 1503 1819 1558 videretur,
1852 1505 1915 1546 in-

139 1574 253 1630 pulit
281 1579 485 1620 mentem.
545 1577 639 1631 (64)
669 1578 802 1632 igitur
820 1578 1020 1622 Vitellius
1049 1583 1166 1623 metu
1196 1583 1239 1623 et
1267 1581 1375 1631 odic,
1406 1583 1519 1636 quod
1538 1582 1780 1626 Petroniam
1811 1597 1971 1627 uxo-15

139 1667 231 1700 rem
260 1657 353 1701 eius
381 1669 479 1699 mox
508 1657 731 1701 Dolabella
759 1659 803 1701 in
831 1660 1148 1703 matrimonium
1179 1661 1433 1715 accepisset,
1473 1666 1671 1706 vocatum
1708 1677 1786 1718 per
1823 1665 1914 1718 epi-

140 1736 278 1780 stulas
306 1737 446 1780 vitata
472 1737 709 1781 Flaminiae
728 1739 823 1782 viae
854 1739 1099 1784 celebritate
1128 1741 1348 1785 devertere
1376 1742 1665 1786 Interamnam
1695 1748 1825 1799 atque
1854 1745 1914 1787 ibi

139 1815 321 1861 interfici
359 1818 494 1862 iussit.
553 1818 725 1872 longum
763 1818 1025 1863 interfectori
1061 1821 1221 1864 visum:
1266 1822 1309 1864 in
1338 1822 1492 1866 itinere
1531 1836 1582 1866 ac
1610 1824 1788 1868 taberna
1815 1838 1914 1879 pro·

140 1896 297 1940 iectum
325 1897 444 1941 humi
473 1898 703 1954 iugulavit,
740 1912 895 1953 magna
924 1912 1019 1943 cum
1049 1901 1209 1944 invidia
1236 1902 1335 1945 novi
1364 1903 1654 1958 principatus,
1685 1905 1805 1947 cuius
1834 1904 1915 1947 hoc

139 2025 517 2113 b01191(0o·23111323ntm
532 2074 552 2104 9
578 2035 759 2112 ιδὲῗειᾳηο
791 2027 913 2113 ξιῖζιέἔι
937 2027 1358 2114 ΜΙὲἮοηίῐοέιίαῗιιιὴοῃθ
1368 2028 1526 2114 ᾳξιῖῖιοῖζι
1536 2031 1598 2061 Μ.
1619 2033 1676 2108 1117ι
1676 2029 1914 2119 )οιιι]εῐέιιῗοοι]ο[

140 2119 367 2157 superffinnre
397 2118 520 2160 (notam
553 2118 615 2150 del.
645 2118 709 2161 lm)
799 2119 918 2150 sabim-1
950 2120 986 2163 (b
1011 2130 1050 2150 ea:
1072 2129 1094 2150 u
1121 2130 1202 2151 corr.
1231 2119 1295 2161 lm)
1389 2123 1431 2152 12
1466 2131 1508 2152 ne
1543 2122 1732 2153 decembres:
1765 2133 1783 2154 e
1817 2121 1871 2166 (ne
1895 2133 1913 2154 e

139 2161 253 2205 Halm)
346 2165 388 2196 13
422 2164 537 2215 ἐκπίῃς
632 2166 672 2196 14
708 2165 829 2196 alioeno
853 2162 928 2208 (sic)
1023 2165 1122 2207 16117
1159 2167 1252 2206 eplas
1277 2177 1345 2197 cum
1367 2167 1422 2197 lin.
1447 2167 1481 2198 in
1505 2168 1517 2198 1
1612 2169 1653 2199 17
1689 2169 1912 2200 Interamnam

139 2219 354 2252 Roeeolamoe:
386 2221 441 2252 Int
471 2221 582 2253 amnifi

138 2334 254 2367 darum
286 2335 368 2367 diem
398 2345 533 2376 usquam
562 2339 676 2368 esaet.“
722 2337 874 2368 Paullulo
898 2340 1006 2368 tamen
1043 2337 1216 2369 delationis
1232 2347 1305 2369 eum
1321 2338 1490 2377 paenituit.
1513 2357 1557 2362 —
1581 2347 1686 2370 seram
1700 2340 1824 2371 veniam
1834 2346 1912 2381 post

138 2392 261 2425 diutius
292 2394 446 2426 Vitellius
477 2394 571 2425 vixit.
617 2394 659 2424 ef.
683 2394 782 2425 etiam
806 2394 871 2425 Dio
897 2395 961 2434 65,
987 2397 1004 2426 1
1042 2394 1141 2426 scelus
1165 2393 1346 2438 quaerebat]
1379 2394 1512 2426 veniam
1535 2396 1731 2435 precabatur
1754 2407 1828 2436 reo,
1853 2399 1911 2429 sed

138 2453 172 2482 ot
193 2451 358 2492 Excerpta
379 2451 443 2483 Ed.
467 2450 572 2482 stura.
596 2450 655 2482 IX.
681 2460 713 2490 p.
733 2453 807 2483 110.
855 2450 1006 2482 Ceterum
1043 2460 1126 2490 sero,
1144 2456 1221 2492 post
1237 2453 1337 2483 scelus
1361 2452 1481 2492 proditi
1505 2453 1620 2492 amici3
1645 2454 1716 2493 ipse
1732 2455 1911 2495 impunitus

138 2508 219 2540 haec
253 2509 360 2541 edicta
393 2509 503 2540 omnia
538 2509 699 2548 Lugduno
733 2508 872 2539 Romam
907 2509 1007 2540 missa
1041 2509 1183 2548 mansit,
1219 2510 1373 2548 quoniam
1404 2508 1465 2540 sub
1500 2509 1703 2549 Vespasiano
1735 2513 1911 2551 proconsul

137 2568 224 2597 sunt.
247 2583 292 2589 —
327 2565 571 2597 aemulabantur
592 2584 637 2588 —
659 2563 803 2610 inlicere]
840 2567 1006 2604 aemuhri,
1040 2565 1215 2605 Bithyniae
1240 2566 1310 2602 fuit,
1335 2566 1418 2597 nihil
1435 2569 1544 2597 tamen
1562 2566 1645 2598 iuvit
1661 2568 1801 2599 amicum
1817 2569 1911 2600 foede

137 2625 174 2654 ut
196 2626 321 2654 certare
345 2626 376 2662 3,
403 2623 443 2654 61
458 2646 467 2662 ,
503 2632 577 2654 cum
601 2622 764 2654 infinitivo
787 2623 932 2654 iunctum
956 2627 1006 2655 est
1040 2622 1214 2661 proditum.
1255 2623 1311 2653 alii
1337 2627 1416 2662 post
1447 2623 1547 2654 scelus
1579 2624 1621 2654 ad
1655 2625 1787 2656 eaedem
1810 2626 1910 2656 Dola-

136 2673 230 2719 ἷπαξ
252 2677 436 2722 εἰρημένον.
462 2681 591 2720 Dra'yer
613 2681 704 2721 Synt.
730 2681 750 2721 ξ
770 2681 846 2712 145.
1040 2678 1146 2710 bellae
1170 2680 1316 2710 referunt
1350 2678 1445 2723 (,‚sed
1468 2684 1546 2711 tunc
1568 2681 1686 2720 scelus,
1710 2681 1743 2712 id
1767 2685 1818 2712 est
1839 2692 1909 2713 cae-

237 2735 241 2739 '
1041 2737 1099 2767 des
1114 2736 1317 2775 Dolabellae,
1333 2739 1496 2776 patratum
1513 2737 1578 2768 iam
1596 2740 1699 2768 erat.“
1724 2737 1848 2780 Riuer).
1865 2757 1907 2762 —

183 2795 237 2827 63.
283 2794 469 2836 mandimus]
497 2797 528 2835 1,
553 2798 607 2829 88.
632 2815 676 2819 —
706 2796 859 2827 Plancius
890 2795 1004 2836 Vama]
1039 2794 1163 2833 ειη-κίε,
1186 2791 1237 2837 ne]
1264 2803 1337 2825 eum
1355 2794 1569 2825 conten-endo
1587 2794 1763 2834 prohibuit,
1788 2805 1829 2826 ne
1844 2800 1904 2827 cet.

136 2851 261 2883 Montio
283 2851 354 2884 eiua
377 2853 414 2883 fit
437 2853 470 2884 in
495 2853 722 2885 Nicaeensium
754 2862 886 2885 nummo
919 2853 1006 2892 apud
1041 2851 1122 2881 Hor.
1147 2849 1184 2881 C.
1204 2852 1235 2889 1,
1254 2853 1284 2889 2,
1303 2852 1342 2882 5:
1371 2850 1498 2881 Teme-'e
1518 2855 1634 2890 qentes,
1657 2861 1754 2890 qrave
1770 2862 1809 2883 ne
1823 2853 1908 2884 redi-

136 2906 281 2940 Pellerln
305 2909 378 2940 Mel.
395 2909 434 2940 de
449 2909 527 2940 me'd.
550 2911 593 2941 11.
618 2920 649 2950 p.
669 2911 722 2942 39.
751 2910 832 2942 Tab.
850 2912 903 2942 26.
928 2908 1005 2943 ΑΥ·
1039 2912 1087 2939 ret
1111 2908 1289 2939 Saeculum.
1313 2907 1398 2938 Ean.
1446 2907 1540 2938 Adde
1563 2910 1595 2946 3,
1613 2909 1677 2939 42:
1701 2918 1740 2939 ne
1765 2909 1908 2940 Galliam

138 2960 267 2998 TOKP
284 2989 292 2996 .
311 2989 319 2997 .
338 2990 345 2996 .
362 2988 371 2998 .
389 2964 760 3000 ΟΥΕΣΠΑΣῙΑΝΩ.
777 2965 1004 3005 ΝΕΙΚΑΕΙ.,
1039 2969 1151 2996 temere
1172 2964 1404 3004 wederdur,
1428 2964 1580 2995 ΜΟΜΝῙΟ
1603 2965 1724 2996 ‘⁶¹7⁸‘ss-
1752 2983 1792 2989 —
1816 2976 1907 2997 ruen-

137 3019 172 3051 in
202 3025 295 3061 parte
326 3031 461 3055 aversa:
495 3021 594 3056 EIII.
620 3021 829 3057 MAPKOY.
855 3021 1005 3057 HAAN-
1039 3021 1110 3069 ιεῃι]
1141 3022 1369 3061 Dolabellam3
1405 3021 1451 3052 sic
1484 3022 1551 3054 Cic.
1582 3031 1643 3061 pro
1677 3021 1829 3054 Cluentio
1864 3026 1906 3055 26

138 3073 266 3110 ΚΙΟΥ.
303 3076 499 3113 ΟΥΑΡΟΥ.
537 3078 842 3115 ΑΝΘΥΠΑΤΟΥ.
877 3099 922 3104 -
957 3090 1005 3111 co-
1040 3078 1060 3118 §
1075 3080 1135 3111 70:
1152 3078 1419 3119 praecipitantem
1430 3077 1781 3118 impellamue.01mm..
1805 3080 1905 3119 Verg.

136 3131 272 3174 hortem,
306 3145 385 3174 quae
409 3136 518 3168 Oetiae
540 3136 659 3182 αρε-να]
695 3141 733 3177 1,
758 3140 809 3171 80,
834 3142 1005 3178 septumum
1039 3135 1122 3166 Aen.
1146 3137 1178 3174 4,
1205 3137 1247 3167 22
1271 3136 1433 3166 labantem
1457 3135 1591 3176 impulit.

139 3188 301 3221 decumam
325 3192 480 3224 cohortem
511 3203 528 3224 e
550 3194 677 3226 colonia
702 3195 848 3227 Ostiensi.
874 3213 917 3219 —
949 3205 1006 3226 nec
1086 3194 1140 3225 64.
1180 3193 1373 3234 Petroniam]
1396 3193 1575 3224 mentm-is
1595 3193 1660 3224 viri
1675 3194 1788 3233 filiam.
1816 3194 1906 3227 Suet.

136 3245 212 3278 uuis
236 3266 279 3271 —-
298 3248 554 3295 probationibus]
587 3253 718 3292 negatio
751 3253 793 3283 ad
825 3252 1004 3283 ablativum
1040 3250 1104 3280 Vit.
1131 3251 1163 3282 6.
1211 3251 1302 3281 Haec
1325 3250 1431 3290 prima
1455 3250 1581 3281 Vitellii
1612 3260 1694 3282 uxor
1718 3251 1779 3283 suit
1800 3251 1842 3283 ab
1867 3262 1905 3283 eo

138 3304 311 3336 referenda
335 3309 401 3338 eat:
437 3311 470 3339 et
492 3317 565 3339 cum
587 3310 696 3342 nullae
720 3309 930 3349 probationes
953 3318 1002 3340 es·
1038 3307 1219 3347 repudiata·
1242 3324 1287 3331 —
1319 3316 1448 3337 uxorem
1471 3305 1552 3350 eim]
1587 3311 1755 3348 exspectes
1777 3318 1906 3339 uxorem

139 3365 231 3399 sent,
265 3371 338 3394 cum
361 3363 514 3396 Plancius
538 3366 722 3398 testimonia
744 3376 782 3398 ac
807 3366 1001 3397 Dolabellae
1038 3374 1149 3403 σιωπὴ·
1182 3364 1222 3396 cf.
1254 3374 1281 3395 c.
1310 3365 1328 3394 9
1363 3368 1398 3395 uz
1427 3373 1496 3395 eum
1520 3381 1562 3388 -
1586 3364 1747 3404 deterant,
1781 3365 1905 3396 orabat.

137 3417 240 3458 ipsius
263 3418 396 3452 libellos
419 3421 617 3461 epistolum
649 3423 766 3455 afferre
790 3433 855 3455 non
878 3425 1000 3464 posset,
1039 3422 1166 3460 ,ὒν-ἄρον
1189 3421 1281 3461 Synt.
1306 3421 1326 3462 ξ
1352 3422 1405 3452 15.
1432 3438 1476 3444 -
1509 3420 1736 3466 Interamnam]
1761 3423 1804 3454 vin
1829 3423 1905 3453 Um—

1542 3478 1628 3518 24*
