2176 3672
690 233 864 278 LrssER
892 235 924 278 1.
985 235 1086 290 Cap.
1117 235 1183 279 58.
1215 236 1283 281 59.
1314 238 1380 281 60.
1412 238 1479 282 61.
1889 240 1974 284 279

199 363 296 394 rum
334 350 521 393 atrocius
560 352 827 404 proruperat.
886 349 1121 394 Trebellius
1158 352 1408 397 seditionem
1449 358 1492 398 et
1522 354 1742 398 confusum
1781 356 1974 399 ordinem

201 430 452 485 disciplinae
472 429 626 483 Caelio,
652 429 862 484 spoliatas
892 434 936 473 et
965 430 1111 485 inopes
1139 432 1326 486 legiones
1352 433 1520 478 Caelius
1550 434 1758 478 TrebeUio
1787 435 1973 479 obiecta-

197 510 286 564 bat,
314 494 410 554 cum
438 510 608 553 interim
635 509 772 553 foedis
800 510 1039 564 legatorum
1070 513 1371 556 certaminibus
1400 515 1610 558 modestia
1638 516 1848 558 exercitus
1879 528 1971 558 cor-

198 594 330 646 rupta
357 602 492 645 eoque
514 589 754 633 discordiae
774 594 961 644 ventum,
991 595 1041 634 ut
1070 593 1339 636 auxiliarium
1363 607 1530 649 quoque
1559 594 1743 638 militum
1772 596 1972 639 conviciis

198 670 477 727 proturbatus
507 673 551 713 et
579 670 912 725 adgregantibus
941 684 989 714 se
1012 671 1154 715 Caelio
1185 673 1428 716 cohortibus
1459 674 1623 729 alisque
1651 676 1845 718 desertus
1868 676 1971 719 Tre-
2007 686 2027 718 5

196 750 349 796 belliue
397 750 453 794 ad
494 750 714 794 Vitellium
759 749 1007 806 perfugerit.
1067 753 1186 807 quies
1232 754 1477 808 provinciae
1522 767 1762 810 quanquam
1810 759 1972 799 remoto

198 830 410 876 consulari
444 831 620 874 mansit:
661 843 807 874 rexere
833 831 966 886 legati
995 832 1230 887 legionum,
1269 846 1397 888 pares
1426 834 1538 887 iure,
1581 834 1749 879 Caelius
1778 837 1972 879 audendo

195 911 421 969 potentior.

183 1045 186 1048 Α
310 991 405 1047 (61)
435 992 648 1035 Adiuncto
670 992 917 1035 Britannico
947 994 1134 1036 exercitu
1163 994 1310 1048 ingens
1334 994 1495 1037 viribus
1517 993 1753 1049 opibusque
1771 996 1971 1039 Vitellius

198 1073 305 1116 duos
336 1073 487 1125 duces,
518 1073 603 1115 duo
633 1072 788 1116 itinera
814 1071 925 1115 bello
956 1074 1196 1116 destinavit.
1255 1073 1413 1116 Fabius
1443 1074 1587 1117 valens
1617 1074 1787 1118 allicere
1815 1076 1903 1131 vel,
1933 1077 2027 1120 silo

197 1153 443 1206 abnuerent,
473 1155 644 1195 vastare
673 1152 836 1195 Gallias
866 1156 909 1196 et
939 1152 1147 1196 Cottianis
1170 1153 1351 1208 Alpibus
1380 1154 1551 1197 Italiam
1580 1155 1834 1210 inrumpere,
1865 1156 1969 1200 Cae·

196 1233 292 1277 cina
318 1233 519 1288 propiore
547 1234 733 1276 transitu
762 1232 960 1276 Poeninis
990 1233 1102 1288 iugis
1131 1233 1308 1287 degredi
1336 1234 1490 1277 iussus.
1548 1235 1718 1278 Valenti
1756 1235 1969 1280 inferioris

197 1314 408 1358 exercitus
445 1314 569 1357 electi
610 1326 703 1356 cum
743 1313 886 1368 aquila
924 1314 1098 1368 quintae
1136 1313 1315 1367 legionis
1356 1317 1399 1356 et
1436 1314 1680 1358 cohortibus
1720 1315 1885 1370 alisque
1914 1318 1970 1360 ad

195 1394 481 1450 quadraginta
519 1394 638 1437 milia
676 1397 936 1436 armatorum
967 1393 1092 1446 data;
1134 1394 1314 1447 triginta
1342 1392 1462 1436 milia
1490 1393 1670 1438 Caecina
1698 1408 1722 1439 e
1751 1397 1971 1450 superiore

194 1473 423 1518 Germania
465 1474 667 1527 ducebat,
712 1486 893 1528 quorum
937 1473 1068 1517 robur
1108 1473 1221 1527 legio
1264 1474 1624 1517 unaetvicensima
1666 1474 1761 1518 fuit.
1818 1476 2024 1520 addita15

192 1554 366 1610 utrique
387 1554 694 1598 Germanorum
717 1553 888 1607 auxilia,
918 1567 942 1597 e
961 1553 1114 1608 quibus
1138 1554 1336 1596 Vitellius
1366 1566 1467 1597 suas
1496 1567 1664 1610 quoque
1693 1557 1837 1610 copias
1866 1569 1967 1611 sup-

1369 1659 1389 1689 3
1413 1659 1488 1698 ἱρὰς
1560 1660 1580 1691 5
1605 1659 1688 1691 celio
1760 1662 1776 1691 ‘1
1804 1660 1966 1691 audiendo

1406 1705 1449 1735 12
1473 1705 1584 1744 priore
1610 1705 1765 1736 librarius
1791 1706 1967 1746 sortiatur-us

643 1751 800 1782 Poeninis
833 1750 1023 1781 Rhenanus:
1046 1750 1164 1790 pennis
1252 1752 1293 1781 13
1327 1750 1436 1790 aquile
1460 1751 1518 1781 sed
1540 1761 1558 1790 e
1582 1752 1616 1781 in
1639 1761 1660 1782 a
1681 1756 1756 1782 mut.
1784 1754 1835 1783 lm
1869 1752 1967 1795 (unde

636 1799 676 1829 15
713 1807 779 1828 una
802 1801 836 1828 et
858 1796 1014 1827 uicesima
1036 1796 1109 1827 dett.
1134 1800 1165 1826 et
1186 1794 1237 1828 ed.
1253 1795 1384 1835 prinas
1406 1805 1474 1827 una
1496 1797 1604 1837 prima
1626 1801 1659 1828 et
1681 1798 1860 1829 uicensima
1892 1799 1966 1837 (un-

286 1661 302 1691 1
339 1662 536 1699 proruperat
558 1669 652 1699 super
675 1669 695 1690 a
718 1669 780 1690 scr.
805 1669 827 1689 11
854 1660 904 1688 lm
976 1660 995 1689 2
1028 1658 1130 1689 celius
1153 1657 1298 1688 tribellio

193 1706 214 1738 9
237 1704 435 1736 brittannico
505 1707 545 1736 11
583 1705 765 1736 abnuerent
788 1704 978 1735 Rhenanus:
999 1703 1174 1734 abnnerint
1242 1703 1336 1734 italia

191 1750 228 1782 n’n
250 1752 404 1791 propiore
427 1752 562 1783 mutavit

193 1798 325 1837 aquilex
355 1797 406 1829 ed.
425 1796 546 1839 princ.)

192 1843 384 1876 otvicesima
407 1843 532 1882 Sir-ker)

196 1957 253 1978 sor
275 1946 434 1986 Agricola
456 1946 491 1977 in
515 1945 699 1977 Britannia.
738 1947 819 1985 Agr.
847 1947 877 1977 ·1.
902 1963 946 1968 —
980 1943 1079 1985 pro-1
1095 1945 1181 1982 eius,
1215 1953 1327 1975 nomen
1350 1944 1457 1975 non'vet
1478 1944 1630 1984 inditum,
1655 1945 1713 1976 aed
1733 1945 1775 1977 ab
1798 1955 1851 1985 eo,
1876 1957 1965 1986 quem

192 2004 336 2045 vespera]
366 2004 507 2034 Roscius
530 2004 565 2034 in
590 2003 790 2034 discordiam
822 2006 922 2043 atque
946 2003 1059 2034 odium
1094 2002 1130 2032 in
1152 2011 1271 2032 summo
1295 2005 1458 2031 sacratum
1480 2003 1594 2033 vertice
1617 2002 1790 2034 Poeninum
1822 2005 1968 2036 montani

193 2061 354 2092 adversus
378 2061 584 2092 Trebellium
609 2061 839 2093 exercendum.
888 2061 958 2091 Alii
982 2070 1058 2100 sup·
1093 2058 1268 2098 appellant.
1317 2058 1358 2088 111
1392 2059 1495 2089 Inscr.
1520 2069 1562 2089 m.
1588 2059 1662 2090 Lat.
1685 2061 1757 2091 NN.
1783 2062 1962 2093 228—246

193 2119 288 2159 plant
309 2117 436 2155 odiam,
477 2118 511 2148 id
536 2117 625 2157 quod
649 2117 738 2148 haud
761 2118 933 2157 patiuntur
955 2117 1060 2149 verba
1094 2117 1285 2146 constanter
1318 2119 1368 2146 est
1403 2116 1607 2147 POENINO
1641 2118 1696 2148 vel
1726 2117 1832 2148 IOVI
1859 2118 1963 2150 POE-

193 2175 445 2216 praecedentia,
469 2174 631 2214 imprimis
654 2185 711 2205 vv.
736 2175 811 2205 olim
834 2173 1059 2219 (iampridem)
1094 2171 1227 2210 NINO,
1262 2173 1364 2203 semel
1401 2173 1440 2203 N.
1468 2174 1551 2204 247:
1591 2173 1687 2204 DE'O
1708 2174 1893 2206 PENINO.
1917 2194 1963 2201 —

195 2233 328 2264 diacon
1094 2229 1220 2268 quintae
1242 2227 1386 2273 legionis]
1413 2230 1574 2262 Alaudae.
1622 2231 1720 2270 Quod
1744 2234 1855 2264 autem
1879 2233 1963 2265 dicit

241 2292 294 2323 ⁶1.
343 2290 531 2321 Britannico
555 2290 704 2332 emt-eu]
739 2293 770 2331 2,
797 2291 862 2322 57:
896 2290 963 2330 ipse
986 2290 1059 2333 (Vi-

193 2347 321 2391 tellius)
353 2357 368 2379 e
392 2347 584 2378 Britannico
615 2347 735 2379 delecta
770 2352 838 2379 octo
870 2347 962 2379 mt'lia
997 2348 1060 2379 sihi

193 2404 351 2436 adiuuant.
397 2405 442 2436 Et
474 2405 657 2436 Cremonae
689 2405 723 2436 in
748 2404 929 2437 Vitelliano
966 2416 1058 2438 exer-

194 2462 263 2494 citu
302 2465 396 2494 erant
434 2462 560 2494 vexilla
605 2471 713 2494 nonae
755 2463 986 2503 secundaeque
1026 2467 1059 2495 et

192 2519 371 2552 vicesimae
409 2519 676 2550 Britannicarum
714 2519 892 2559 legionum.
935 2523 977 2561 3,
1004 2522 1056 2553 22.

195 2576 330 2617 „Etiam
363 2577 527 2616 reliquum
552 2577 732 2607 exercitum
756 2577 984 2609 Britannicum
1009 2588 1058 2610 se-

195 2637 308 2665 cutum
332 2633 515 2665 clarissime
538 2637 632 2674 patet
656 2644 696 2665 ex
721 2644 772 2675 eo,
797 2635 886 2675 quod
903 2635 1059 2667 Vitellius

194 2690 230 2722 in
253 2689 413 2723 Trebellii
437 2689 575 2721 Maximi
609 2691 718 2722 locum
749 2692 863 2732 paullo
898 2695 975 2732 post
999 2693 1059 2723 mi-

195 2748 276 2780 serit
298 2748 446 2780 Vettium
471 2747 635 2779 Bolanum
659 2748 707 2791 (2,
723 2747 792 2790 65),
819 2749 875 2789 qui
899 2749 941 2780 ab
967 2759 1058 2780 exer-

195 2805 265 2836 citu
296 2805 449 2845 agnitus,
484 2805 609 2836 auditis
632 2809 749 2845 postea
772 2806 968 2847 Vespasiani
991 2816 1059 2837 mo-

195 2860 389 2902 litionibus,
428 2862 604 2903 ambiguus
638 2864 745 2895 sactus
781 2867 840 2895 est.
881 2863 937 2906 (2,
963 2862 1059 2907 97.)“

197 2917 307 2950 mcx.
332 2937 376 2943 —
401 2918 567 2961 Cottianis]
594 2919 716 2960 quibus
734 2920 955 2961 Delphinatus
981 2921 1059 2952 diri-

194 2974 296 3007 mitur
329 2985 350 3007 a
372 2976 612 3017 Pedemontio,
649 2982 733 3009 mom
764 2978 856 3017 Viso,
890 2982 976 3010 mont
999 2978 1059 3008 Ge-

193 3030 295 3071 ndvre,
318 3038 404 3064 mont
418 3031 532 3073 0enie;
556 3035 635 3066 olim
655 3034 915 3075 Cottianae-sive
940 3034 1061 3066 Cottiae

195 3097 223 3120 e.
243 3089 284 3122 87
308 3089 514 3122 vocabantur
537 3100 557 3121 a
581 3091 693 3123 Cottio
717 3101 815 3132 rege,
851 3093 945 3123 cuius
968 3093 1060 3131 regia

194 3145 258 3176 suit
282 3146 466 3187 Segusium,
492 3148 591 3179 hodie
607 3147 702 3180 Susa.
729 3167 769 3173 —
795 3149 942 3180 Poeninis
965 3149 1059 3190 iuqis]

194 3201 223 3231 le
260 3202 369 3240 qrand
405 3203 671 3236 Satanernav-d.
730 3206 804 3237 Liv.
832 3208 896 3244 21,
930 3208 993 3245 38,
1020 3207 1057 3236 9:

195 3257 303 3296 Neque
341 3259 467 3290 hercule
503 3261 661 3293 moneam
699 3262 882 3293 his—ab
919 3263 1058 3293 tramitte

193 3313 368 3346 Poe-wrm
398 3316 463 3347 auo
495 3316 617 3350 &dumi
644 3318 799 3360 Veraqn‘,
833 3319 958 3351 &scolae
994 3318 1061 3359 ἔαρι·

1094 2297 1162 2317 eum
1185 2286 1318 2326 aquila,
1353 2287 1479 2318 circum
1502 2298 1600 2327 quam
1623 2298 1702 2320 sane
1726 2289 1836 2320 stabat
1860 2290 1963 2322 robur

1093 2343 1254 2383 legionis,
1294 2344 1398 2374 nolim
1430 2347 1541 2375 tamen
1580 2355 1655 2376 cnm
1690 2345 1819 2377 Rittero
1859 2347 1961 2379 inter-

1094 2401 1218 2441 pretari
1254 2401 1295 2432 de
1320 2404 1390 2432 tota
1413 2401 1564 2442 legione;
1600 2412 1659 2434 cur
1693 2403 1781 2434 enim
1812 2406 1879 2435 tam
1911 2405 1961 2436 in-

1093 2458 1192 2489 solite
1231 2458 1420 2498 scripsisset
1456 2468 1518 2498 pro
1558 2469 1629 2490 cum
1667 2461 1778 2499 qidnta
1817 2462 1961 2500 legione?

1095 2515 1161 2546 Sed
1186 2515 1369 2555 significari
1396 2518 1477 2554 puto
1501 2515 1655 2548 cohortes
1679 2518 1797 2549 saltem
1820 2519 1961 2550 auxilia-

1094 2572 1162 2603 riaa
1184 2573 1220 2603 in
1244 2572 1423 2604 Germania
1446 2572 1603 2604 inferiore
1627 2574 1761 2605 relictas
1785 2585 1857 2607 esse
1880 2586 1960 2608 una-
2010 2588 2015 2591 ⁷

1095 2639 1159 2669 que
1194 2632 1320 2660 certum
1355 2638 1526 2660 numerum
1559 2630 1783 2663 Romanorum
1817 2633 1961 2665 militum

1095 2686 1242 2718 eiusdem
1267 2686 1421 2726 legionis,
1447 2686 1496 2717 uti
1521 2690 1674 2719 constare
1697 2689 1852 2721 Burnonf
1871 2691 1961 2722 arbi-

1095 2747 1201 2774 tratur
1233 2753 1273 2774 ex
1306 2744 1349 2783 4,
1375 2743 1438 2775 35:
1473 2743 1558 2774 mille
1591 2744 1725 2777 delectae
1755 2756 1772 2776 e
1796 2748 1908 2786 quinta
1931 2753 1963 2780 et

1096 2801 1208 2839 quinta
1232 2800 1354 2832 decima
1376 2799 1547 2839 leqiombm
1570 2803 1661 2842 apud
1682 2803 1794 2835 Vetera
1816 2804 1960 2838 obsessis.

1096 2859 1146 2888 Ac
1170 2867 1249 2888 sane
1273 2858 1329 2888 vix
1354 2857 1514 2888 credibile
1549 2862 1616 2890 tam
1640 2860 1707 2891 cito
1730 2865 1808 2901 post
1832 2862 1960 2895 Vitellii

1096 2915 1268 2946 interitum
1292 2915 1436 2953 aquilam
1459 2915 1590 2954 leqionis
1614 2917 1763 2957 quintae,
1798 2929 1882 2959 quae
1906 2921 1962 2953 hie

1095 2973 1183 3003 inter
1207 2972 1406 3003 Vitellianos
1429 2976 1652 3013 memoratur,
1689 2975 1724 3006 iu
1749 2975 1960 3010 Germaniam

1096 3029 1220 3060 remitti
1254 3029 1412 3069 potuisse.
1445 3046 1488 3052 —
1522 3031 1799 3074 unaetvicensima]
1832 3035 1959 3075 Rapax,

1096 3096 1180 3126 qnae
1197 3085 1418 3117 Vindonissae
1443 3085 1477 3117 in
1494 3086 1652 3119 Helvetia
1674 3090 1843 3122 tendebat.
1877 3092 1960 3124 Eius

1094 3143 1219 3174 mentio
1254 3143 1288 3173 111
1324 3142 1484 3174 lateribus
1517 3143 1565 3175 ibi
1588 3147 1739 3185 repertis.
1785 3148 1888 3180 Inser.
1914 3159 1956 3182 m.

1094 3200 1169 3231 Lat.
1199 3201 1239 3231 N.
1266 3202 1342 3232 440.
1392 3201 1433 3232 (10
1468 3202 1633 3242 scriptura
1667 3204 1733 3235 loci
1769 3205 1811 3235 cf.
1848 3205 1959 3237 Sir-ker

1094 3258 1198 3289 Tacit.
1232 3258 1468 3290 Formenlehre
1502 3268 1534 3299 p.
1560 3261 1614 3291 41.
1649 3278 1693 3284 -
1729 3261 1958 3294 Germanorum

1095 3315 1232 3357 auxilia]
1259 3316 1357 3348 etiam
1382 3315 1717 3350 Transrhenanorum.
1745 3320 1776 3358 8,
1802 3321 1862 3360 173
1887 3321 1958 3361 ple-
