2176 3672
647 307 820 350 LIBER
848 307 902 350 11.
963 304 1064 360 Cap.
1096 305 1163 349 83.
1193 304 1260 349 84.
1290 305 1357 350 85.
1388 298 1455 349 86.
1850 305 1932 348 377

165 425 278 469 unde
315 426 455 468 metus
494 425 539 467 et
577 435 628 466 ex
670 425 786 466 metu
826 420 1070 466 consilium:
1113 433 1239 475 posse
1278 420 1469 475 inputari
1497 420 1780 475 Vespasiano,
1822 433 1933 474 quae

102 534 106 537 -
164 505 282 560 apud
300 503 521 563 Vitellium
543 503 783 548 excusanda
803 505 933 546 erant.
977 501 1041 545 ita
1060 503 1149 544 tres
1171 501 1380 544 Moesicae
1409 500 1596 555 legiones
1626 513 1704 554 per
1723 499 1932 554 epistulas

163 572 406 628 alliciebant
443 583 729 627 Pannonicum
771 582 1002 626 exercitum
1042 584 1120 624 aut
1158 580 1359 625 abnuenti
1401 581 1486 624 vim
1528 580 1748 635 parabant.
1796 580 1839 623 in
1880 593 1931 623 eo

162 667 280 708 motu
300 665 490 719 Aponius
512 663 766 707 Saturninus
789 662 977 706 Moesiae
1006 664 1145 704 rector
1174 661 1403 716 pessimum
1432 660 1598 704 facinus
1628 661 1771 714 audet,
1800 660 1932 703 misso

162 745 408 788 centurione
438 745 494 788 ad
522 742 857 787 interficiendum
886 743 1074 786 Tettium
1104 742 1315 785 Iulianum
1355 742 1563 796 septimae
1601 741 1779 796 legionis
1816 741 1931 796 lega·
1968 747 1989 778 ⁵

162 828 255 869 tum
284 825 337 869 ob
367 825 618 878 simultates,
647 824 800 879 quibus
831 835 1001 867 causam
1032 824 1219 878 partium
1248 822 1565 877 praetendebat.
1607 821 1799 865 Iulianus
1820 834 1931 865 com-

161 909 286 961 perto
316 905 557 949 discrimine
585 907 630 948 et
659 905 800 959 gnaris
830 904 1019 948 locorum
1049 903 1226 947 adscitis
1255 916 1333 958 per
1352 903 1449 946 avia
1469 902 1656 946 Moesiae
1675 902 1793 945 ultra
1814 915 1931 945 mon-

163 990 248 1031 tem
277 985 485 1029 Haemum
515 984 726 1040 profugit3
756 996 832 1028 nec
853 984 1007 1028 deinde
1028 984 1142 1027 civili
1161 983 1272 1027 bello
1292 982 1500 1037 interfuit,
1530 995 1608 1037 per
1627 982 1770 1026 varias
1791 995 1932 1026 moras

161 1069 406 1120 susceptum
436 1066 491 1108 ad
510 1066 819 1120 Vespasianum
850 1066 931 1108 iter
961 1064 1134 1108 trahens
1164 1067 1208 1107 et
1237 1077 1287 1107 ex
1316 1064 1477 1107 nuntiis
1508 1063 1825 1107 cunctabundus
1856 1066 1932 1106 aut

162 1159 406 1202 properans.
465 1146 558 1201 (86)
589 1150 634 1189 at
662 1147 707 1189 in
726 1145 946 1189 Pannonia
975 1146 1105 1189 tertia
1123 1145 1287 1189 decima
1316 1144 1428 1198 legio
1448 1157 1498 1187 ac
1518 1144 1702 1199 septima
1722 1143 1932 1187 Galbiana
1949 1151 1989 1182 ιο

161 1227 349 1271 dolorem
379 1227 569 1282 iramque
588 1226 883 1270 Bedriacensis
911 1238 1079 1280 pugnae
1100 1226 1333 1269 retinentes
1362 1225 1479 1268 haud
1499 1227 1749 1269 cunctanter
1767 1224 1930 1279 Vespa-

161 1308 281 1351 siano
321 1319 536 1351 accessere
565 1307 607 1350 vi
646 1308 876 1362 praecipua
904 1306 1035 1350 Primi
1065 1307 1250 1350 Antonii.
1294 1306 1331 1349 is
1361 1305 1526 1361 legibus
1567 1317 1721 1349 nocens
1752 1308 1795 1349 et
1824 1309 1930 1349 tem-

162 1401 266 1444 pore
296 1387 476 1432 Neronis
514 1387 613 1431 falsi
651 1389 875 1431 damnatus
914 1388 1027 1431 inter
1066 1387 1152 1430 alia
1180 1387 1281 1430 belli
1309 1387 1422 1430 mala
1449 1387 1708 1430 senatorium
1739 1386 1931 1430 ordinem

159 1469 481 1523 reciperaverat.
529 1468 803 1523 praepositus¹
828 1481 854 1511 a
884 1467 1022 1511 Galba
1050 1468 1256 1522 septimae
1286 1467 1442 1522 legioni
1471 1467 1740 1522 scriptitasse
1771 1466 1930 1510 Othoni

159 1548 412 1593 credebatur
441 1549 590 1592 ducem
620 1561 667 1592 se
695 1548 890 1603 partibus
920 1547 1122 1601 offerens;
1164 1561 1189 1591 a
1218 1561 1301 1603 quo
1331 1547 1548 1602 neglectus
1578 1548 1621 1591 in
1651 1547 1766 1591 nullo
1796 1548 1930 1591 Otho·
1948 1554 1988 1586 1⁵

158 1629 276 1673 niani
315 1629 416 1673 belli
455 1641 537 1672 usu
576 1627 669 1672 fuit.
729 1627 972 1672 labantibus
1016 1628 1182 1672 Vitellii
1226 1628 1353 1672 rebus
1397 1628 1710 1683 Vespasianum
1758 1633 1930 1674 secutus

158 1710 318 1764 grande
347 1712 604 1753 momentum
634 1709 814 1763 addidit,
845 1712 1045 1753 strenuus
1064 1722 1207 1763 manu,
1236 1721 1428 1753 sermone
1457 1713 1696 1764 promptus,
1726 1711 1931 1755 serendae

157 1791 201 1833 in
221 1789 329 1834 alios
358 1790 542 1833 invidiae
571 1789 738 1844 artifex,
770 1790 992 1834 discordiis
1013 1793 1056 1833 et
1075 1789 1355 1834 seditionibus
1374 1792 1539 1844 potens,
1569 1794 1719 1845 raptor
1738 1790 1928 1847 largitor,

158 1882 264 1925 pace
293 1871 516 1925 pessimus,
545 1870 656 1914 bello
685 1883 770 1914 non
799 1871 1073 1924 spernendus.
1118 1871 1252 1914 iuncti
1289 1871 1387 1914 inde
1417 1870 1591 1914 Moesici
1621 1884 1670 1915 ac
1700 1872 1929 1918 Pannonici

158 1951 368 1995 exercitus
397 1951 680 1995 Delmaticum
719 1951 895 1995 militem
934 1954 1120 2005 traxere,
1162 1964 1404 2007 quanquam
1444 1952 1734 1996 consularibus
1774 1954 1928 2008 legatis
1943 1963 1986 1993 20

157 2031 262 2075 nihil
301 2031 583 2075 turbantibus
645 2031 849 2086 Tampius
886 2031 1115 2075 Flavianus
1145 2031 1407 2075 Pannoniam
1420 2067 1430 2086 ,
1475 2032 1702 2088 Pompeius
1731 2033 1927 2078 Silvanus

156 2111 414 2156 Dalmatiam
458 2111 680 2166 tenebant,
725 2112 880 2156 divites
921 2125 1062 2165 senes;
1106 2113 1181 2156 sed
1224 2116 1477 2167 procurator
1515 2115 1663 2158 aderat
1705 2113 1926 2160 Cornelius

248 2241 268 2271 2
304 2239 444 2279 moesice
537 2240 629 2279 eplas
663 2250 734 2270 cnm
766 2239 821 2270 lin.
859 2240 893 2270 in
927 2239 986 2270 lia.
1022 2240 1033 2269 l
1137 2240 1156 2270 3
1191 2236 1394 2283 allicfltebant
1498 2242 1517 2272 6
1552 2244 1667 2272 causis
1700 2241 1730 2284 (s
1765 2241 1825 2273 del.
1863 2241 1926 2280 lm)

155 2287 175 2317 8
200 2285 298 2316 hemii
391 2287 410 2317 9
435 2283 489 2328 ad]
515 2294 534 2316 a
628 2286 668 2316 13
694 2285 784 2317 belh-1
809 2285 982 2324 (bellorum
1002 2284 1186 2324 Dvderlein)
1280 2287 1320 2317 18
1346 2286 1431 2326 rapti
1463 2285 1507 2316 W.
1525 2287 1669 2318 Heraeus
1764 2290 1805 2320 21
1831 2288 1925 2320 Tam.

156 2331 230 2371 pius
253 2332 420 2362 Faenius:
443 2331 537 2363 Titus
560 2332 667 2372 §plius
760 2331 890 2371 fabian3
915 2331 951 2372 (b
975 2332 1009 2362 in
1033 2341 1055 2362 v
1079 2341 1161 2363 corr.
1190 2333 1255 2371 lm)

155 2423 291 2461 Moneo,
328 2423 406 2463 quia
437 2423 588 2454 nonnulli
619 2432 792 2463 perperam
824 2423 864 2454 de
898 2423 1021 2462 rapinis
1054 2422 1170 2454 torium
1194 2422 1335 2454 ordinem
1358 2424 1613 2464 reciperaverat,
1649 2425 1736 2464 quod
1759 2426 1820 2457 fuit
1842 2427 1924 2458 inter

161 2480 195 2510 in
219 2480 368 2520 privatos
400 2480 547 2511 homines
571 2481 720 2512 exercitis
745 2483 951 2520 aeceperunt.
977 2499 1020 2504 —-
1055 2480 1125 2511 alia
1140 2479 1216 2511 belli
1228 2480 1326 2511 mala.
1351 2481 1520 2513 Rumam-1.
1550 2499 1591 2506 —-
1615 2482 1767 2514 serendae
1789 2484 1823 2514 in
1839 2484 1922 2515 alios

153 2535 323 2580 Haemum]
350 2537 510 2568 Thraciae
533 2540 687 2576 montem,
713 2536 810 2568 hodie
835 2537 966 2567 Balkan
989 2541 1021 2568 et
1055 2537 1194 2568 invidiae
1217 2535 1350 2580 artifex]
1376 2538 1418 2568 cf.
1442 2538 1604 2570 Ammian.
1632 2540 1686 2579 27,
1713 2542 1744 2579 9,
1770 2542 1789 2572 2
1814 2546 1922 2572 trans-

154 2594 272 2625 Haemi
292 2598 432 2626 eatrema
455 2594 498 2625 ad
520 2594 661 2625 Pontum
684 2594 847 2626 Euxinum
872 2594 1020 2626 Emineh-
1047 2593 1207 2634 serendae
1246 2595 1279 2625 in
1312 2594 1396 2626 alios
1427 2595 1568 2626 invidiae
1602 2596 1733 2637 artifex.
1780 2598 1854 2629 Liv.
1888 2600 1920 2638 8,

154 2651 258 2690 Daqh.
283 2669 327 2674 —-
344 2661 407 2691 per
423 2651 534 2682 varias
558 2649 679 2695 moras]
707 2655 737 2690 3,
757 2654 776 2684 9
803 2651 941 2683 Caecina
960 2663 1020 2692 per
1058 2653 1110 2690 2⁷,
1136 2652 1156 2682 5
1191 2651 1221 2682 si
1242 2662 1307 2691 qua
1330 2661 1385 2683 are
1409 2652 1551 2684 serendis
1574 2653 1744 2686 discordiis
1767 2655 1921 2687 adhibea-

154 2708 266 2740 vart’ae
289 2717 396 2740 moras
420 2725 464 2731 -
482 2709 631 2749 prodidit
654 2713 797 2749 tempora
821 2709 902 2740 belli.
1036 2714 1114 2741 tur.
1140 2727 1183 2732 —
1208 2709 1412 2741 seditionibus
1429 2708 1556 2754 potens]
1582 2711 1622 2742 cf.
1647 2711 1746 2751 Verg.
1764 2714 1845 2744 Aen.
1867 2714 1938 2752 11,-

1036 2732 1121 2828 ²³⁴⁰
1146 2766 1295 2798 sedaiom
1305 2771 1429 2807 potem.
1454 2785 1497 2791 —
1521 2766 1646 2811 raptor]
1669 2769 1750 2808 „qui
1766 2770 1920 2808 pecunias

199 2824 253 2855 86.
301 2823 434 2863 septima
459 2822 632 2863 Galbiana]
671 2823 710 2855 cf.
744 2824 785 2863 3,
811 2824 853 2854 22
887 2823 1019 2863 septima
1036 2832 1040 2886 ι
1055 2827 1121 2855 tam
1145 2823 1295 2864 public-,s
1320 2833 1424 2863 quarnv
1441 2825 1589 2865 privatas
1614 2825 1735 2865 rapit“,
1769 2829 1806 2857 ut
1829 2830 1920 2866 patet

153 2878 233 2918 levio
255 2890 354 2920 nuper
377 2891 399 2911 a
416 2880 524 2911 Galba
548 2881 738 2920 conscripta.
763 2898 806 2903 —
830 2880 933 2912 Primi
947 2879 1018 2910 An·
1055 2891 1094 2912 ex
1117 2876 1282 2924 ἀντιθέτῳ
1305 2881 1451 2921 Ζανφῐιον.
1474 2899 1518 2905 --
1535 2891 1621 2921 pace
1637 2882 1814 2922 pessimus,
1839 2882 1918 2915 bello

153 2934 245 2979 lonii]
279 2937 320 2968 cf.
355 2937 442 2969 Ann.
470 2939 530 2976 14,
555 2939 607 2969 40.
658 2937 747 2969 Suet.
771 2937 836 2968 vit.
866 2938 927 2969 18:
968 2938 1021 2968 cui
1052 2947 1116 2969 non
1139 2937 1346 2982 spernendus]
1371 2938 1410 2969 cs.
1436 2938 1524 2969 Veli.
1549 2940 1579 2977 2,
1606 2940 1659 2978 11,
1687 2942 1702 2971 1
1731 2939 1765 2972 0.
1794 2941 1919 2973 Marius

159 2992 292 3024 Tolosae
313 2998 389 3025 nalo
412 3004 581 3034 coynomen
604 2995 638 3025 in
656 2995 800 3035 pueritia
827 2995 929 3026 Becco
942 2995 1018 3035 fite·
1054 3013 1097 3018 —-
1122 2999 1271 3034 qvcaroeum
1296 2995 1374 3026 bello
1399 2995 1530 3035 optimus
1543 3019 1551 3034 ‚
1575 3000 1696 3027 tantum
1714 3007 1798 3037 pace
1816 2998 1916 3038 pessi-

153 3053 230 3089 ⁷⁶⁸5
252 3049 288 3080 id
309 3050 392 3082 valet
413 3052 589 3091 gallinacei
609 3057 758 3083 rostrum.
805 3052 888 3082 Eum
906 3052 1018 3083 laudat
1054 3062 1130 3083 mue.
1157 3069 1198 3076 --
1234 3050 1345 3095 iuncti]
1380 3052 1524 3084 consiliis
1548 3053 1829 3094 suscipiendarum
1854 3055 1916 3087 Vc-

154 3105 311 3138 Martialis
348 3108 409 3146 10,
435 3111 478 3142 23
509 3113 542 3141 et
566 3110 619 3142 32.
647 3127 690 3134 —
715 3109 806 3150 salci
834 3107 1016 3152 dammtus]
1054 3109 1196 3148 spasiani
1221 3109 1381 3151 partium3
1406 3119 1480 3140 nam
1505 3113 1619 3150 postea
1642 3111 1771 3142 demum
1795 3112 1917 3144 nocitus

155 3162 227 3202 lege
251 3162 403 3195 Cornelia
435 3165 475 3196 dc
506 3166 621 3206 salsis,
657 3176 739 3206 quae
772 3155 886 3198 eadem
919 3170 1015 3197 testa-
1054 3169 1103 3197 est
1138 3166 1298 3197 exercitus
1334 3165 1507 3199 Mnesteus.
1548 3168 1590 3207 3,
1615 3168 1646 3199 5.
1680 3156 1724 3191 ‘—
1765 3169 1917 3210 Tampius

154 3220 315 3251 monteria
329 3221 522 3261 appellatur.
555 3223 631 3263 Dig.
650 3223 794 3254 XLVIII
821 3225 872 3262 10,
894 3226 908 3254 1
936 3224 956 3263 ξ
976 3223 1014 3253 13
1053 3220 1247 3266 Flavianus]
1283 3223 1322 3254 de
1347 3232 1410 3262 quo
1441 3234 1471 3255 v.
1499 3224 1535 3262 3,
1561 3225 1581 3255 4
1606 3227 1639 3256 et
1663 3225 1715 3256 10.
1752 3242 1794 3248 —
1826 3226 1915 3258 Pom-

149 3284 256 3315 poena
281 3275 372 3316 salsi
399 3277 447 3308 vel
479 3280 576 3318 quasi
596 3280 686 3320 falsi
716 3280 893 3321 deportatio
917 3284 961 3311 eet
988 3285 1016 3311 et
1047 3280 1138 3320 peius
1162 3279 1325 3320 Silvanus]
1351 3280 1391 3311 de
1415 3290 1479 3319 quo
1504 3290 1536 3312 v.
1562 3283 1593 3319 3,
1621 3282 1673 3312 50.
1697 3283 1730 3322 4,
1754 3284 1807 3315 47.
1835 3284 1915 3324 Nip-

154 3332 290 3364 omnam
328 3332 477 3366 bonorum
516 3335 703 3376 publicatio.
751 3337 934 3378 Nipperdey
973 3337 1015 3368 ad
1045 3336 1168 3376 perdey
1191 3337 1233 3367 ad
1258 3337 1343 3369 Ann.
1371 3338 1434 3375 13,
1459 3338 1513 3369 ⁶2.
1555 3336 1650 3369 Klein
1683 3338 1775 3370 Fasti
1798 3349 1912 3371 consu-

154 3389 240 3423 Ann.
267 3390 320 3429 14,
345 3391 397 3423 40.
424 3409 467 3415 -
503 3392 582 3425 inter
604 3393 673 3425 alia
696 3394 772 3426 belli
791 3392 893 3439 mala]
926 3404 1014 3426 sena-
1050 3394 1134 3425 laras
1167 3394 1208 3425 ad
1243 3403 1270 3425 a.
1298 3394 1340 3425 45
1366 3403 1397 3435 p.
1423 3394 1481 3426 Ch.
1507 3411 1548 3417 —
1582 3394 1791 3441 procurator]
1828 3397 1914 3438 Quia
