2176 3672
656 315 830 360 LIBER
857 315 912 359 11.
972 314 1074 370 Cap.
1104 314 1173 359 52.
1201 315 1269 360 53.
1299 314 1368 358 54.
1397 313 1465 360 55.
1859 311 1944 356 353

177 433 343 478 Coenus
371 433 543 489 quidem
570 432 721 487 rapide
749 431 792 474 in
821 430 968 475 urbem
997 435 1145 474 vectus
1184 442 1343 485 paucos
1380 433 1480 484 post
1509 429 1602 472 dios
1631 428 1751 471 iussu
1778 427 1944 470 Vitellii

174 526 335 569 poenas
362 513 455 556 luit.
499 516 742 558 senatorum
770 511 1005 566 periculum
1036 515 1207 554 auctum
1239 509 1510 554 credentibus
1540 508 1792 551 Othonianis
1806 510 1817 519 ’
1830 506 1941 549 mili-

175 593 297 637 tibus
317 604 420 637 vera
447 605 541 637 csse
570 605 680 647 quae
709 590 1020 635 adferebantur.
1066 589 1312 633 intendebat
1339 589 1621 642 formidinem,
1651 589 1765 643 quod
1784 586 1944 641 publici

178 672 342 717 consilii
369 671 479 716 facie
507 673 741 715 discessum
771 671 938 715 Mutina
967 671 1244 725 desertaeque
1281 673 1427 724 partes
1456 669 1606 712 forent.
1650 680 1727 711 nec
1755 667 1872 710 ultra
1899 667 1943 709 in

177 764 397 797 commune
426 752 640 807 congressi
669 751 750 795 sibi
779 751 960 806 quisque
989 751 1258 803 consuluere,
1297 751 1431 792 donec
1458 749 1615 792 missae
1644 761 1671 790 a
1698 747 1832 790 Fabio
1860 747 1945 790 Va·
1981 753 2002 783 ⁵

176 832 292 877 lente
319 831 529 887 epistulae
557 832 775 875 demerent
801 835 973 874 metum.
1019 835 1063 874 et
1091 843 1204 874 mors
1234 830 1415 872 Othonis
1454 841 1538 883 quo
1574 827 1850 880 laudabilior,
1896 840 1947 869 eo

177 911 362 956 velocius
391 912 550 954 audita„

290 990 385 1046 (55)
423 993 483 1034 At
509 991 670 1034 Romae
709 991 815 1034 nihil
852 991 1170 1045 trepidationis;
1211 989 1396 1032 Ceriales
1436 988 1530 1031 ludi
1558 1001 1609 1031 ex
1637 999 1755 1030 more
1782 988 1949 1040 specta-

177 1071 345 1116 bantur.
394 1075 445 1115 ut
473 1072 651 1114 cessisse
680 1071 890 1113 Othonem
920 1075 964 1114 et
992 1084 1019 1113 a
1046 1070 1195 1113 Flavio
1225 1069 1380 1112 Sabino
1409 1067 1623 1123 praefecto
1653 1066 1770 1109 urbis
1783 1101 1794 1119 ,
1833 1066 1949 1120 quod

178 1156 273 1196 erat
312 1152 356 1194 in
398 1151 503 1194 urbe
540 1150 743 1205 militum,
783 1154 1047 1194 sacramento
1085 1149 1251 1192 Vitellii
1289 1150 1487 1191 adactum
1527 1148 1633 1190 certi
1671 1150 1865 1189 auctores
1903 1146 1947 1188 in
1963 1155 2005 1185 10

178 1231 395 1276 theatrum
431 1231 699 1285 adtulerunt,
739 1231 912 1274 Vitellio
942 1231 1160 1285 plausere3
1200 1228 1384 1283 populus
1414 1240 1509 1270 cum
1536 1227 1662 1270 lauru
1692 1239 1741 1269 ac
1770 1225 1947 1268 floribus

180 1310 342 1355 Galbae
369 1311 574 1366 imagines
603 1312 761 1354 circum
788 1311 951 1365 templa
978 1310 1090 1363 tulit,
1121 1309 1334 1363 congestis
1354 1308 1398 1350 in
1418 1307 1587 1350 modum
1608 1306 1761 1349 tumuli
1782 1306 1947 1349 coronis

153 1392 303 1435 ‘iuxta
338 1391 476 1435 lacum
506 1390 647 1444 Curti,
688 1404 812 1445 quem
850 1390 990 1434 locum
1019 1390 1157 1433 Galba
1194 1389 1378 1431 moriens
1407 1387 1614 1441 sanguine
1641 1385 1857 1429 infecerat.
1904 1385 1947 1427 in

179 1475 332 1515 senatu
352 1475 503 1514 cuncta
530 1471 669 1524 longis
698 1470 879 1513 aliorum
907 1469 1217 1524 principatibus
1238 1445 1458 1522 conposita
1476 1467 1622 1509 statim
1643 1467 1949 1516 decernuntur;

180 1551 352 1595 additae
381 1563 483 1605 erga
512 1549 809 1594 Germanicum
837 1551 1066 1594 exercitum
1102 1549 1253 1592 laudes
1292 1551 1520 1602 gratesque
1550 1551 1593 1589 et
1619 1547 1751 1589 missa
1779 1545 1948 1599 legatio,
1965 1557 2006 1587 ιο

275 1736 290 1765 1
318 1734 433 1774 rapide
455 1734 490 1765 in
514 1734 701 1765 deteriores.-
723 1734 840 1774 rapidt’i
863 1732 996 1776 (raptim
1019 1733 1054 1763 in
1078 1733 1148 1763 Iac.
1175 1730 1370 1773 Gronovius)
1437 1732 1564 1762 iniussu
1585 1731 1622 1761 L.
1640 1729 1774 1770 Spenqel
1843 1730 1863 1759 2
1890 1738 1947 1767 pe-

185 1789 247 1812 11⁸⁸
314 1782 336 1811 4
360 1780 528 1820 duerteq3
598 1782 619 1811 5
643 1779 881 1822 commulmune
960 1780 979 1809 6
1005 1780 1078 1818 eple
1102 1789 1172 1808 cum
1195 1779 1250 1809 lin.
1276 1779 1311 1808 in
1333 1779 1344 1808 l
1423 1779 1444 1809 8
1467 1787 1559 1816 rome
1582 1787 1635 1807 me
1659 1776 1759 1806 nichil
1836 1776 1856 1805 9
1880 1783 1950 1804 ces-

181 1827 265 1858 sisse
287 1826 357 1856 vita
380 1826 465 1863 dem,
490 1827 690 1858 concessisse
713 1826 831 1864 Rider,
855 1826 1035 1856 excessisse
1067 1823 1227 1863 Wo'lfflin,
1252 1824 1407 1855 cecidisse
1430 1823 1575 1853 Peter-sen
1666 1822 1782 1853 sabino
1805 1820 1842 1859 (b
1865 1830 1905 1850 ea:
1928 1829 1950 1849 u

183 1881 267 1902 con.
295 1873 360 1909 ln)
451 1874 495 1903 10
518 1872 659 1903 militum
681 1872 871 1903 Rhenanus.-
893 1872 999 1902 militfi
1014 1871 1052 1901 In
1148 1872 1190 1901 14
1214 1870 1385 1909 conposita
1409 1867 1529 1912 (notam
1554 1868 1613 1899 del.
1633 1866 1698 1907 lm)
1794 1867 1836 1897 15
1860 1875 1949 1897 exer-

186 1918 288 1949 citum
311 1917 432 1947 Βίτωνι
454 1918 615 1949 exercitus

185 2091 271 2120 rant.
294 2088 431 2118 nunu.
456 2087 969 2128 (Scaatsempfehlunqsschreiben,
986 2087 1050 2118 Pa-

185 2146 291 2184 tenoe).
325 2145 367 2176 cf.
392 2154 421 2176 c.
440 2146 494 2176 65.
526 2146 613 2175 Plin.
639 2145 724 2184 Epp.
750 2145 803 2182 10,
829 2146 873 2176 64
895 2143 980 2187 (14).
1005 2145 1050 2175 45
1086 2144 1120 2174 in
1144 2153 1314 2174 commune
1338 2143 1505 2183 congressi
1529 2146 1631 2173 erant.
1655 2159 1699 2163 —
1722 2137 1886 2182 epistulae]
1911 2139 1952 2169 de

188 2200 271 2242 (54).
298 2203 363 2234 120
386 2200 493 2242 (121).
519 2202 606 2232 Plut.
624 2201 730 2232 Galba
747 2203 787 2233 8:
811 2199 891 2234 Τῶν
916 2197 1052 2234 ὑπάτων
1087 2209 1153 2230 una
1175 2200 1317 2239 epistula
1340 2200 1480 2237 dictum,
1516 2199 1557 2231 cf.
1584 2197 1771 2238 Nipperdey
1801 2197 1843 2227 ad
1865 2196 1950 2226 Anu.

186 2256 515 2300 οἰκέταςδημοσίους
525 2256 830 2301 προχειρισαμένων
842 2254 884 2290 τὰ
896 2254 1054 2299 δόγματα
1090 2260 1120 2296 1,
1145 2258 1199 2288 30.
1239 2256 1351 2287 Sirker
1372 2257 1447 2288 Tac.
1472 2256 1709 2287 Formenlehre
1732 2264 1764 2293 p.
1784 2254 1837 2285 25.

187 2314 388 2357 κομίζοντας
409 2314 460 2358 τῷ
485 2310 706 2356 αὐτοκράτορι
729 2312 788 2347 καὶ
803 2311 846 2347 τὰ
862 2298 1072 2355 καλούμεναΙ
1132 2314 1185 2344 55.
1212 2313 1352 2344 Ceriales
1366 2311 1456 2356 ludi]
1481 2313 1731 2344 celebrabantur
1756 2320 1796 2341 ex
1821 2312 1874 2342 12.
1898 2310 1953 2340 die

188 2369 391 2414 διπλώματα
422 2369 667 2414 σεσημασμένα
697 2369 846 2412 δόντων,
882 2365 904 2403 ἃ
936 2368 1052 2412 γνωρί-
1088 2371 1129 2401 ad
1158 2372 1209 2402 19.
1235 2370 1321 2402 diem
1344 2371 1467 2402 mensis
1490 2370 1637 2409 Aprilis,
1671 2368 1786 2398 ultimo
1815 2367 1867 2397 die
1890 2366 1952 2396 cir-

190 2429 302 2468 ζοντες
323 2427 354 2462 οἱ
377 2426 465 2462 κατὰ
494 2424 589 2461 πόλιν
620 2423 781 2471 ἄρχοντες
814 2425 848 2460 ἐν
880 2429 955 2464 ταῖς
987 2426 1053 2460 τῶν
1087 2437 1211 2458 censes.
1246 2428 1287 2458 cf.
1312 2428 1397 2458 Anu.
1426 2429 1479 2464 15,
1505 2429 1548 2458 53
1574 2430 1607 2456 et
1631 2429 1683 2458 ¹14.
1718 2425 1792 2455 Liv.
1817 2426 1870 2462 30,
1896 2425 1951 2461 39,

188 2479 374 2529 ὀχημάτων
413 2481 573 2527 ἀμοιβαῖς
611 2481 843 2528 ἐπιταχύνουσι
881 2482 943 2521 τὰς
976 2494 1053 2524 προ·
1089 2485 1119 2515 8.
1146 2483 1243 2515 ovid.
1260 2485 1334 2516 fast.
1360 2486 1393 2522 4,
1420 2485 1497 2515 389.
1524 2484 1696 2513 Mommsen
1720 2482 1795 2514 ΟΠ,
1819 2482 1846 2520 1,
1872 2483 1950 2512 391.

187 2539 324 2584 πομπὰς
346 2541 413 2576 τῶν
436 2538 737 2585 γραμματηφόρων
761 2542 830 2574 κτλ.
855 2559 900 2564 -
922 2539 1051 2584 rapide]
1090 2558 1133 2564 —
1157 2541 1288 2572 cessisse
1313 2538 1475 2583 othonna]
1513 2543 1681 2580 exspectes
1715 2539 1825 2578 potins
1859 2538 1954 2568 inter-

190 2609 210 2630 e
225 2600 442 2631 deterioribus
457 2599 578 2638 recepi,
601 2608 675 2629 cum
699 2599 779 2630 haec
802 2599 898 2629 lectio
918 2598 1053 2637 propius
1079 2598 1199 2637 secisse
1233 2608 1265 2628 se
1289 2598 1457 2635 Othonem,
1497 2601 1533 2628 ut
1555 2607 1583 2628 c.
1601 2598 1645 2628 50
1679 2596 1777 2627 donec
1809 2594 1889 2625 Otho
1922 2604 1955 2624 se

188 2657 321 2688 necoda
353 2657 395 2687 ad
427 2656 564 2688 Medicei
602 2655 724 2695 rapida
758 2665 856 2694 quam
893 2654 1053 2685 Gronovii
1087 2655 1156 2694 ipse
1170 2655 1367 2694 interficeret,
1392 2655 1450 2686 sed
1473 2655 1555 2685 nihil
1578 2653 1768 2684 mutandum
1785 2657 1853 2691 est3
1877 2661 1954 2682 nam

191 2714 310 2754 rupe-‘sn
333 2723 394 2745 nec
416 2714 525 2750 video,
549 2722 607 2743 cur
631 2712 764 2743 Tacitus
787 2722 852 2743 non
877 2712 978 2743 semel
1000 2722 1053 2741 ra-
1089 2712 1198 2743 cedere
1229 2721 1294 2742 non
1318 2721 1379 2751 pro
1402 2711 1487 2742 mori
1517 2710 1659 2750 positum
1683 2714 1750 2747 est,
1788 2709 1845 2739 sed
1878 2709 1954 2739 sim-

187 2770 277 2811 pt'de‚
301 2770 456 2802 undecies
478 2770 598 2810 raptim
624 2770 730 2801 dicere
747 2769 902 2810 potuerit.
926 2769 966 2799 ef.
986 2769 1053 2800 Cic.
1089 2769 1166 2809 plici
1190 2769 1386 2808 vulgarique
1410 2778 1508 2799 sensu
1533 2767 1688 2807 explicari
1718 2769 1825 2806 potest
1857 2765 1954 2807 (Ger-

192 2828 256 2867 leg.
274 2830 308 2868 2,
325 2830 345 2860 3
369 2828 545 2868 rapideque
559 2827 718 2867 dilapm.
749 2836 795 2858 or.
813 2826 833 2865 ξ
852 2827 916 2857 128
940 2826 1057 2865 rapide
1089 2826 1232 2856 mimice:
1271 2825 1348 2855 dass
1375 2825 1453 2855 omo
1477 2829 1599 2863 eratsaqt
1621 2821 1736 2864 habe),
1774 2822 1862 2861 quod
1885 2822 1955 2862 ple-

183 2883 305 2924 serm.
345 2884 434 2916 Suet.
459 2884 529 2916 Cal.
555 2887 600 2917 43
633 2890 699 2915 tam
721 2884 918 2924 festinanter
950 2888 979 2913 et
1000 2893 1055 2912 ra·
1090 2883 1163 2913 nius
1194 2882 1239 2912 ita
1261 2882 1396 2912 reddas:
1435 2881 1647 2920 „voluntaria
1679 2884 1784 2910 morte
1817 2879 1955 2910 cessisse

187 2940 276 2980 pide.
299 2959 342 2964 —-
375 2941 465 2972 iussu
494 2939 630 2985 Vitellii]
666 2941 746 2972 haec
778 2940 880 2972 verba
910 2941 1056 2971 Muretus
1090 2939 1260 2978 imperio“.
1301 2939 1363 2969 hoc
1386 2947 1501 2969 verum
1534 2946 1606 2968 esse
1642 2937 1697 2967 alii
1730 2937 1792 2967 loci
1817 2936 1955 2967 docent:

194 2997 342 3038 delebat,
366 2999 423 3029 sed
445 2999 550 3038 magis
574 2999 683 3038 placet
707 2997 874 3037 Spengelii
898 2996 1055 3027 correctio
1091 2998 1131 3034 3,
1156 2997 1199 3027 66
1234 2995 1320 3034 quod
1342 2996 1373 3025 si
1392 2999 1458 3025 tam
1475 2993 1578 3032 facile
1602 3003 1727 3024 morum
1749 2997 1866 3023 mites
1892 2992 1955 3033 fle-

196 3053 321 3085 ὐυῖιιεειι
350 3054 482 3094 Vitellii,
514 3056 667 3095 quoniam
700 3065 740 3086 ex
763 3065 791 3085 c.
809 3056 851 3086 57
876 3053 1055 3084 verisimile
1090 3053 1189 3083 missa
1219 3051 1362 3082 Vitellius
1385 3062 1481 3091 quam
1504 3052 1570 3090 ipse
1594 3054 1742 3082 cesserat.
1784 3051 1818 3088 3,
1843 3050 1886 3081 68
1910 3059 1955 3079 ce-

196 3114 248 3142 est
276 3111 444 3142 Vitellium
475 3113 523 3143 rei
555 3112 704 3152 ignarum
736 3112 836 3143 fnisse
870 3115 902 3142 et
935 3110 1055 3150 suppli·
1091 3110 1165 3140 dere
1187 3119 1219 3140 se
1236 3109 1332 3148 pacis
1357 3112 1386 3139 ct
1406 3107 1612 3147 reipublicae
1637 3116 1747 3138 musa.
1771 3123 1814 3128 —
1837 3116 1860 3136 a
1878 3106 1956 3136 Fla-

197 3167 282 3198 cium
306 3168 348 3199 de
372 3169 483 3200 Coeno
505 3169 630 3200 Romae
653 3173 817 3209 sumptum
841 3168 884 3199 ab
908 3168 949 3198 iis
973 3177 1056 3204 esse,
1090 3167 1142 3197 m'o
1166 3164 1299 3208 Sabino]
1335 3165 1529 3204 Vespasiani
1552 3164 1664 3202 fratre,
1698 3164 1739 3194 cf.
1765 3166 1804 3203 1,
1827 3164 1885 3194 46.
1911 3181 1955 3186 --

197 3225 253 3263 qni
276 3225 414 3264 gratiam
436 3225 561 3256 Vitellii
584 3226 768 3266 captabant.
810 3235 916 3264 neque
949 3229 1056 3255 tamen
1092 3233 1181 3261 quem
1212 3220 1327 3265 locum]
1370 3225 1386 3253 1
1401 3245 1409 3259 ,
1434 3223 1488 3253 41.
1528 3238 1571 3243 —
1612 3218 1787 3263 conposita]
1828 3223 1954 3260 parata,

197 3290 251 3312 res
273 3282 319 3311 ita
341 3285 430 3313 certa
453 3285 511 3320 est,
536 3286 573 3312 nt
594 3283 716 3321 aliquid
739 3283 930 3313 mutandum
946 3282 1054 3312 videa—
1093 3283 1297 3319 comparata,
1333 3288 1405 3309 cum
1442 3278 1636 3308 artificiosae
1666 3277 1862 3308 adulationis
1897 3286 1955 3307 no-

197 3341 260 3368 tnr.
284 3354 328 3361 —
349 3337 471 3377 publici
484 3339 725 3379 mulnisae-ie]
750 3339 876 3379 specie3
901 3348 975 3369 nam
993 3347 1057 3368 non
1092 3337 1191 3367 tione.
1237 3336 1375 3367 Frustra
1397 3336 1553 3366 Heinsius
1584 3334 1729 3366 malebat
1762 3333 1951 3372 conquisita.

198 3398 235 3426 ut
250 3394 369 3435 privati
393 3404 453 3434 pro
477 3405 513 3427 se
529 3396 666 3435 quisque
682 3397 809 3427 Mutina
832 3396 1057 3433 discesserant,
1094 3411 1136 3416 —
1161 3393 1273 3424 laudes
1295 3391 1473 3432 gratesque]
1498 3392 1540 3423 cf.
1558 3391 1742 3431 Nipperdey
1757 3390 1800 3421 ad
1817 3391 1902 3422 Anu.
1923 3392 1954 3430 1,

1088 2087 1145 2118 sed
1168 2097 1208 2118 ex
1231 2090 1364 2118 senatus
1394 2087 1541 2124 decreto,
1577 2094 1615 2115 ac
1637 2084 1806 2115 Bononiae
1838 2091 1951 2113 rursus
