2176 3672
816 287 988 332 LIBER
1015 289 1065 334 V.

1125 290 1226 346 cap.
1257 292 1296 336 8.
1327 294 1366 337 9.
1882 295 1967 338 549

197 413 279 457 que
307 413 335 444 a
363 401 411 445 P.
433 400 646 454 Ventidio,
678 405 722 444 et
752 401 900 445 Parthi
929 407 1049 446 trans
1069 404 1314 458 Euphraten
1334 408 1518 450 redacti:
1549 408 1731 452 Iudaeos
1751 407 1798 452 C.
1819 407 1968 452 Sosius

197 480 378 535 subegit,
436 493 613 534 regnum
643 479 697 522 ab
723 481 908 523 Antonio
938 481 1098 525 Herodi
1128 484 1273 527 datum
1304 486 1439 528 victor
1458 487 1675 539 Augustus
1694 489 1825 531 auxit.
1869 493 1970 542 post

197 564 377 604 mortem
407 560 593 605 Herodis
631 561 739 604 nihil
778 567 1000 616 expectato
1033 563 1212 607 Caesare
1248 564 1363 608 Simo
1405 567 1574 621 quidam
1615 570 1777 622 regium
1817 582 1966 613 nomen

197 639 428 684 invaserat.
458 642 497 685 is
526 653 554 684 a
580 641 788 693 Quintilio
807 641 923 684 Varo
952 644 1169 696 optinente
1202 644 1364 699 Syriam
1397 647 1595 700 punitus;
1625 652 1670 690 et
1697 651 1866 703 gentem
1898 660 1967 691 co·

200 721 379 764 eroitam
400 721 527 765 liberi
546 721 731 765 Herodis
753 722 968 775 tripertito
988 735 1149 766 rexere.

1209 724 1286 767 sub
1307 724 1476 768 Tiberio
1506 727 1650 780 quies:
1680 727 1777 770 dein
1807 728 1913 770 iussi
1942 736 2003 770 ab

200 799 244 844 G.
276 800 459 844 Caesare
488 800 668 856 effigiem
700 802 794 844 eius
823 802 865 844 in
897 802 1055 856 templo
1085 802 1225 846 locare
1254 817 1373 847 arma
1400 806 1542 858 potius
1572 819 1813 860 sumpsere3
1843 819 1968 861 quem

200 882 361 924 motum
384 879 581 924 Caesaris
601 894 714 924 mors
734 882 919 924 diremit.

341 1010 355 1038 1
382 1017 403 1038 a
426 1005 480 1051 R]
503 1018 558 1048 ap.
651 1010 671 1039 3
696 1009 801 1039 simon
894 1010 914 1039 5
939 1007 1065 1048 tyberio

202 1133 339 1174 direptis
369 1134 609 1175 Hierosolymis
638 1135 764 1166 Iudaea
790 1135 913 1174 pomus
945 1138 1015 1164 erat
1037 1138 1070 1163 et

201 1199 339 1231 regnum
352 1191 533 1222 tradiderat
547 1192 726 1229 Antigono.
774 1192 832 1222 sed
849 1191 884 1221 P.
910 1189 1071 1221 Vena-’dau

202 1246 348 1289 Bm,
379 1248 476 1278 homo
505 1247 611 1278 infimi
645 1249 795 1290 generis,
833 1248 1006 1279 rhedarius
1041 1252 1073 1278 et

202 1305 316 1350 nulio,
348 1305 469 1336 deinde
492 1305 666 1336 familiaris
690 1305 728 1338 C.
753 1305 888 1337 Caesari
911 1315 950 1335 ac
972 1304 1017 1336 Μ.
1042 1309 1074 1335 et

203 1361 245 1393 L.
269 1361 436 1401 Antoniis,
460 1370 598 1399 quorum
614 1362 720 1400 gratia
736 1362 937 1393 tribunatum
954 1362 1073 1402 plebis,

204 1422 403 1460 praeturam,
427 1418 664 1458 pontificatum,
691 1420 897 1450 consulatum
919 1416 963 1462 (a.
988 1428 1020 1448 ιι.
1043 1429 1071 1450 c.

205 1473 287 1519 ’1-11)
307 1475 447 1514 adeptus
467 1478 551 1514 erat,
574 1484 604 1505 a.
628 1485 659 1506 u.
685 1485 712 1506 e.
731 1477 795 1508 716
820 1486 840 1506 a
862 1476 905 1506 u.
930 1476 1074 1506 Antonio

205 1532 363 1564 adversus
375 1532 518 1563 Parthos
530 1532 650 1563 missus
660 1542 713 1563 res
725 1536 792 1563 tam
805 1532 943 1564 feliciter
959 1532 1072 1572 gessit,

205 1594 243 1621 ut
263 1589 341 1621 illos
356 1589 530 1629 aliquoties
546 1589 652 1619 vietor
674 1593 766 1620 mm
783 1589 974 1630 Euphraten
990 1589 1074 1620 redi-

205 1650 292 1686 ,aa
306 1651 339 1677 et
354 1646 480 1686 primus
496 1648 536 1676 de
552 1646 595 1676 iis
611 1646 860 1686 triumpharet«
888 1647 944 1688 (cf.
965 1646 1073 1677 Germ.

208 1705 263 1736 ⁸⁸1.
282 1703 402 1735 Baiteri
419 1704 509 1735 Fast.
531 1704 686 1742 triumph.
711 1713 743 1743 p.
763 1703 889 1734 CLXI:
914 1704 947 1734 P.
972 1703 1075 1735 Venti—

207 1762 282 1794 diu
303 1762 342 1794 P.
358 1762 399 1794 F.
409 1771 475 1801 pro
490 1759 562 1793 Coe.
586 1770 625 1792 ez
644 1761 755 1791 Tauro
768 1766 871 1792 monte
887 1771 902 1791 e
919 1760 1074 1792 Parim.

209 1818 255 1852 Δ,
290 1817 448 1850 ΒΟΟΧῩ.
479 1815 570 1861 (716.
608 1818 718 1860 Varr.)
755 1817 789 1848 V.
827 1818 868 1850 K.
904 1816 995 1860 Dee.)
1031 1835 1073 1841 -

208 1875 245 1908 0.
269 1872 395 1919 flodus]
430 1873 564 1906 Graecis
588 1871 750 1916 Σόσσιος,
783 1876 839 1906 sed
873 1875 906 1905 in
943 1884 1074 1905 nummo

207 1933 295 1974 apud
320 1932 504 1964 »terentum
528 1932 555 1964 1.
581 1941 612 1970 p.
639 1933 704 1964 396
728 1933 762 1962 in
800 1932 955 1962 victoriae
979 1932 1073 1962 huius

207 1991 400 2022 memoriam
414 1990 545 2028 signato
561 1994 611 2020 est
627 1988 661 2020 Ο.
685 1988 850 2020 8081178.
867 1989 892 2019 I
891 1989 961 2021 MP.
984 1988 1074 2032 (Tro-

208 2057 349 2089 paeum,
389 2047 424 2078 in
458 2047 551 2077 cuius
590 2047 656 2077 imo
690 2047 755 2077 duo
794 2047 917 2086 captivi
950 2047 1074 2086 sedent,

208 2105 327 2136 mulier
342 2108 478 2144 maesta,
494 2108 592 2143 eaput
606 2114 705 2134 manu
719 2108 904 2134 sustentans
917 2101 1074 2146 (Iudaea),

208 2165 244 2194 et
265 2162 319 2192 vir
341 2162 460 2199 nudus,
488 2161 639 2192 mnibus
661 2165 736 2200 post
757 2166 883 2200 tergum
908 2161 1075 2201 revinctis,

207 2219 251 2250 ad
278 2226 448 2258 tropaeum
479 2218 658 2257 respiciens
681 2218 880 2259 (Antigonus
904 2214 998 2259 rex).)
1029 2234 1074 2240 -

207 2276 347 2308 ladam
362 2293 405 2299 —
425 2275 555 2316 auberi]
580 2275 725 2306 Pacorus
747 2276 940 2306 Iudaeorum
966 2283 1073 2312 regem

208 2333 423 2365 eomtituerat
444 2333 657 2371 Antigonum,
689 2332 840 2363 ultimum
872 2341 911 2362 ex
935 2331 1073 2360 Hasmo-

208 2399 366 2422 naeorum
377 2389 491 2429 stirpe,
503 2390 560 2429 qui
572 2399 670 2420 caeso
682 2390 742 2420 illo
758 2389 914 2419 Romanis
926 2387 1074 2418 alacriter

208 2446 387 2480 redatebat.
445 2447 549 2478 multo
581 2447 694 2477 labore
725 2446 838 2478 Sosius
872 2444 1074 2484 expugnavit

209 2504 450 2545 Bierowlym,
467 2509 559 2535 sexto
576 2504 707 2534 demum
719 2513 829 2534 mense
843 2507 918 2541 post
931 2500 1072 2531 Ventidii

207 2561 379 2593 victoriam
390 2561 587 2593 Parthicam.
617 2562 652 2591 in
664 2560 805 2591 Herodis
817 2563 924 2590 autem
935 2559 1073 2596 gratiam

208 2619 394 2657 Antigonus
431 2618 567 2649 Antonii
608 2618 700 2649 iussu
738 2616 842 2655 virgis
881 2624 996 2646 caesus
1041 2618 1074 2643 et

208 2675 422 2706 obtruncatus
437 2682 487 2706 est
501 2684 531 2708 a.
547 2684 578 2705 u.
602 2684 632 2707 c.
658 2675 735 2706 ¹116.
782 2674 823 2704 cf.
840 2672 968 2711 loseph.
987 2673 1026 2703 A.
1045 2670 1072 2702 1.

211 2734 266 2772 14,
292 2734 333 2764 1⁸
358 2736 392 2764 et
416 2733 454 2765 B.
478 2733 504 2762 1.
533 2734 563 2770 1,
599 2734 647 2763 18.
684 2731 749 2761 Dio
773 2733 828 2767 4⁹,
862 2731 914 2760 22.
940 2729 1071 2760 Clinton

209 2790 233 2823 1.
258 2792 282 2823 l.
306 2800 338 2830 p.
364 2790 441 2821 280.
488 2788 650 2820 Salvador
675 2789 698 2819 1,
726 2798 757 2828 p.
784 2788 860 2819 283.
876 2804 920 2809 —
937 2781 1072 2827 Herodi]

207 2846 373 2884 Idumaeo,
396 2846 591 2885 cognomine
615 2845 736 2884 Magni,
770 2845 824 2884 qui
849 2844 913 2874 iam
937 2852 965 2873 a.
991 2851 1019 2871 u.
1044 2850 1072 2871 e.

209 2905 275 2936 ⁰114
298 2913 357 2944 per
375 2903 553 2934 Antonium
581 2903 721 2934 Iudaeae
745 2910 881 2940 regnum
905 2901 1075 2937 acceperat

207 2964 340 2992 matus
362 2961 512 2991 consulto
559 2958 704 3002 (Ioseph.
732 2961 787 2996 14,
811 2960 863 2994 14,
890 2957 936 2996 5),
967 2965 987 2985 a
1010 2964 1073 2994 quo

208 3017 286 3048 inde
310 3021 457 3057 tempore
489 3017 573 3048 vixit
608 3016 768 3046 XXXVII
802 3023 904 3045 annos
930 3011 1061 3054 (Ioseph

211 3075 265 3112 1⁰1,
297 3073 408 3114 8,.1).
445 3091 485 3098 -
518 3073 684 3114 Any-utta
716 3071 817 3111 aad]
842 3069 962 3109 Ioseph
988 3069 1022 3097 Β.
1048 3068 1073 3097 1.

210 3133 243 3172 1,
269 3131 323 3170 20,
346 3134 389 3163 δι
421 3129 466 3174 τῇ
493 3129 645 3174 βασιλείᾳ
661 3128 854 3171 προσέζτηκε
876 3122 938 3166 τήν
959 3134 994 3157 τε
1010 3119 1073 3155 ὑπὸ

208 3184 428 3229 Κλεοπάτρας
450 3182 702 3228 α’ποτμηῖτείσαν
735 3182 847 3228 χώραν
871 3180 929 3213 καὶ
954 3177 1074 3219 ἔξωὲεν

208 3241 352 3285 Γάσαρα
375 3242 435 3277 καὶ
447 3238 570 3277 Ἵππον
604 3240 663 3275 καὶ
685 3238 893 3282 Σαμάρειαν,
925 3233 1008 3277 πρὸς
1036 3232 1074 3268 δὲ

207 3296 336 3338 τούτοις
358 3299 426 3333 τῶν
457 3297 628 3340 παραλίων
651 3296 765 3337 Γάζαν
797 3293 854 3327 καὶ
884 3289 1074 3333 ’Δνῦηδόνα

207 3354 268 3390 καὶ
287 3352 431 3398 Ἰόππην
454 3355 513 3389 καὶ
536 3353 738 3397 Στράτωνος
762 3349 895 3393 πύργον.
912 3367 957 3373 -
974 3344 1072 3390 Sabo]

209 3423 325 3445 servus
357 3414 510 3451 Herodis,
543 3412 678 3442 absente
712 3410 894 3444 Archelao.
934 3408 1002 3437 filio
1045 3411 1076 3436 et
1110 3410 1255 3435 statuens
1272 3410 1343 3431 eum
1361 3399 1423 3429 iam

981 880 1196 934 Claudius,
1225 883 1435 927 defunctis
1463 885 1635 938 regibus
1654 891 1732 928 aut
1759 887 1813 928 ad
1834 886 1968 928 modi-

1159 1006 1215 1051 ⁵!ss
1241 1019 1260 1039 a
1284 1007 1335 1052 c.]
1360 1008 1412 1049 ιε.

1106 1143 1296 1165 successore
1314 1136 1464 1171 Herodis.
1489 1135 1584 1166 nixus
1599 1136 1739 1175 Iudaeis,
1755 1145 1838 1175 quos
1854 1135 1970 1167 Sabini

1107 1192 1325 1229 procuratoris
1348 1193 1482 1232 rapinae
1504 1193 1725 1225 irritaverant.
1760 1192 1889 1231 Ioseph.
1917 1194 1971 1233 17,

1111 1249 1164 1286 10,
1188 1250 1231 1279 6:
1263 1239 1307 1290 ἦν
1331 1246 1370 1282 δὲ
1402 1246 1460 1280 καὶ
1485 1246 1604 1289 Σίμων
1628 1248 1747 1286 δοῦλος
1773 1246 1833 1289 μὲν
1856 1245 1970 1289 Ἡρώ-

1108 1305 1167 1337 δου
1190 1303 1249 1336 τοῦ
1286 1303 1463 1348 βασιλέως,
1495 1299 1605 1341 ἄλλως
1628 1301 1667 1338 δὲ
1690 1301 1775 1345 α’νήρ
1801 1300 1973 1345 εὐπρεπής

1108 1358 1166 1392 καὶ
1201 1359 1339 1402 μεγέὶτει
1370 1359 1428 1392 καὶ
1463 1358 1562 1403 ῥώμῃ
1600 1357 1759 1401 σώματος
1795 1358 1850 1392 ἐπὶ
1884 1359 1973 1402 μέγα

1108 1412 1261 1458 προῦχων
1274 1427 1310 1449 τε
1327 1416 1386 1450 καὶ
1398 1415 1658 1458 πεπιστευμένος
1667 1426 1674 1433 ·
1693 1409 1789 1454 οὗτος
1800 1411 1915 1457 α’ρὶῐεὶς
1926 1416 1970 1459 τῇ

1108 1469 1249 1517 α’κρισίᾳ
1264 1475 1331 1507 τῶν
1346 1472 1552 1516 πραγμάτων
1568 1471 1723 1515 διάδημά
1747 1483 1785 1506 τε
1803 1469 1974 1514 ἐτόλμησε

1108 1529 1308 1572 περιθέσῇαι
1330 1532 1402 1563 κτλ.
1427 1549 1467 1553 -
1496 1541 1519 1561 α
1543 1530 1694 1568 ρυὺιειῖίο
1726 1529 1821 1570 Varo]
1846 1529 1973 1567 eodem,

1108 1597 1203 1626 quem
1239 1592 1353 1626 postea
1385 1588 1547 1627 oppressit
1578 1587 1753 1619 Arminius.
1788 1585 1902 1616 Vellei,
1940 1587 1973 1622 2,

1113 1646 1190 1676 117.
1206 1654 1226 1674 a
1240 1644 1354 1682 Grato,
1370 1644 1447 1674 Vari
1461 1644 1633 1683 praefecto,
1647 1643 1810 1674 Simonem
1824 1646 1973 1672 necatum

1110 1702 1207 1732 tradit
1223 1702 1380 1740 Iosephus
1397 1702 1418 1731 1.
1437 1702 1460 1731 l.
1477 1719 1517 1722 —
1542 1700 1636 1730 liberi
1650 1698 1799 1739 Herodis]
1816 1699 1973 1737 Iosephus

1114 1760 1168 1798 17,
1192 1762 1243 1796 11,
1262 1761 1301 1788 4:
1326 1757 1462 1796 Καῖσαρ
1480 1753 1659 1799 ’Δρχέλαον
1678 1753 1816 1799 βασιλέα
1835 1751 1894 1795 μὲν
1911 1749 1972 1786 οὐκ

1109 1811 1343 1856 ἀποφαίνεται,
1373 1812 1439 1855 τῆς
1473 1809 1504 1847 8
1540 1810 1693 1854 ἡμίσεως
1728 1809 1851 1854 χώρας,
1887 1806 1972 1852 ἥπερ

1107 1868 1252 1914 “Ηρώδῃ
1289 1867 1447 1907 ὑπετέλει,
1482 1867 1647 1912 &vitaz-qv
1672 1866 1893 1901 καῧίσταται·
1930 1884 1971 1890 -

1108 1924 1168 1969 τήν
1200 1923 1231 1961 δ’
1266 1925 1379 1968 ἑτέραν
1411 1922 1568 1968 ἡμίσειαν
1608 1923 1721 1961 νείμας
1757 1922 1836 1966 διχῇ
1874 1920 1972 1956 δυσὶν

1107 1979 1265 2025 Ἡρώδου
1299 1982 1412 2016 παισὶν
1444 1981 1568 2022 ἑτέροις
1600 1978 1780 2022 παρεδίδου
1813 1977 1971 2022 Φιλίππῳ

1109 2039 1167 2073 καὶ
1191 2038 1338 2084 Ἀντίπᾳ.
1386 2038 1444 2072 καὶ
1466 2037 1575 2080 τούτῳ
1593 2031 1695 2079 μὲνῆ
1717 2046 1752 2069 τε
1767 2034 1897 2076 Περαία
1916 2032 1971 2067 καὶ

1108 2094 1145 2131 τὸ
1171 2095 1348 2130 Γαλιλαῖον
1372 2092 1567 2129 ὑπετέλουν·
1586 2112 1630 2118 -
1655 2090 1825 2126 Βαταναία
1848 2089 1887 2125 δὲ
1912 2088 1970 2124 σὺν

1108 2151 1267 2197 Τράχωνι
1290 2152 1348 2186 καὶ
1372 2148 1548 2194 Αὐρανῖτις
1571 2169 1614 2174 -
1642 2148 1800 2191 Φιλίππῳ
1825 2145 1971 2181 τάλαντα

1108 2208 1226 2243 ἑκατὸν
1237 2208 1436 2252 προσέφερεν
1447 2218 1455 2225 ·
1469 2205 1511 2241 τὰ
1522 2203 1553 2241 δ’
1565 2203 1739 2250 ’Δρχελᾶῳ
1754 2203 1971 2237 συντελοῦντα

1107 2263 1284 2308 Ἰδουμαία
1308 2277 1344 2298 τε
1362 2264 1420 2298 καὶ
1435 2261 1584 2298 Ἰουδαία
1598 2262 1635 2296 τό
1660 2273 1695 2295 τε
1709 2257 1969 2302 Σαμαρειτικόν.

1109 2343 1151 2348 -
1175 2335 1198 2355 a
1221 2323 1253 2356 C.
1281 2321 1428 2366 Caesare]
1452 2332 1482 2352 a.
1506 2331 1537 2352 u.
1562 2331 1588 2351 c.
1614 2321 1689 2356 793,
1714 2322 1788 2357 post
1811 2317 1888 2349 Chr.
1914 2318 1967 2348 40.

1108 2383 1151 2414 cf.
1176 2382 1324 2412 Philonis
1349 2380 1447 2411 Liber
1472 2379 1512 2409 de
1547 2377 1709 2416 legatione
1732 2375 1772 2404 ad
1798 2373 1914 2403 Gaium
1937 2376 1970 2404 et

1109 2440 1142 2469 in
1178 2439 1329 2469 Flaccum
1363 2447 1394 2476 p.
1433 2436 1508 2466 966.
1546 2433 1703 2472 Iosephus
1736 2433 1774 2461 A.
1799 2431 1822 2460 I.
1851 2432 1903 2466 18,
1936 2430 1967 2460 8.

1111 2497 1147 2526 Β.
1174 2496 1198 2526 1.
1225 2497 1255 2531 2.
1286 2495 1333 2524 10.
1358 2494 1424 2523 Tac
1459 2493 1545 2522 Anu.
1568 2492 1622 2530 12,
1643 2490 1696 2520 54.
1723 2488 1857 2518 Clinton
1875 2486 1972 2517 Fasti

1108 2552 1244 2582 Romam*
1265 2552 1290 2581 1.
1315 2560 1346 2590 p.
1374 2552 1426 2581 24.
1460 2565 1503 2570 —
1533 2555 1628 2577 ama
1654 2545 1763 2585 poc-'au
1794 2542 1966 2582 sumpsere]

1109 2614 1222 2640 contra
1246 2608 1404 2646 Iosephus
1429 2610 1564 2643 utroque
1597 2604 1668 2633 loco
1695 2601 1791 2632 docet
1817 2609 1884 2631 rem
1910 2600 1968 2630 Pe-

1108 2667 1205 2696 tronii
1230 2663 1461 2695 intercessione
1493 2669 1565 2691 esse
1596 2658 1808 2698 compositam
1838 2661 1870 2686 et
1893 2664 1968 2686 mox

1109 2722 1225 2753 Gaium
1251 2726 1409 2751 necatum.
1429 2735 1471 2741 —
1491 2716 1648 2755 defundis
1670 2710 1809 2756 raythu]
1835 2711 1969 2743 Herode

1109 2779 1255 2818 Agrippa
1285 2778 1405 2807 maiore
1438 2784 1467 2806 a.
1493 2784 1526 2805 u.
1550 2783 1576 2803 c.
1604 2772 1679 2803 79⁷.
1715 2775 1789 2810 post
1812 2769 1890 2801 Chr.
1915 2769 1969 2799 u.

1106 2836 1252 2880 (Clinton
1285 2835 1325 2865 F.
1360 2832 1397 2863 B.
1426 2832 1450 2863 1.
1474 2841 1505 2870 p.
1533 2830 1587 2861 88.
1634 2827 1781 2858 visconti
1805 2825 1892 2856 loon.
1919 2834 1968 2863 qr.

1109 2894 1167 2924 111.
1202 2902 1233 2931 p.
1269 2889 1337 2932 27.)
1370 2894 1403 2920 et
1436 2897 1464 2919 a.
1500 2897 1532 2919 u.
1563 2896 1590 2917 c.
1616 2886 1694 2924 801,
1728 2888 1801 2923 post
1824 2882 1899 2914 Chr.
1925 2882 1968 2912 48

1110 2950 1258 2987 Herode,
1300 2946 1466 2978 Chalcidis
1505 2952 1590 2982 rege.
1653 2940 1797 2981 (Clinton
1835 2948 1868 2978 p.
1914 2938 1970 2970 ³2.

1110 3006 1255 3037 Visconti
1287 3014 1318 3043 p.
1354 3001 1423 3044 80.)
1460 3017 1504 3024 -
1542 2998 1590 3030 od
1623 2997 1780 3029 nodio-
1813 2991 1968 3036 redactis]

1109 3067 1276 3103 supererat
1311 3069 1393 3090 unus
1418 3057 1565 3088 Herodes
1592 3055 1739 3093 Agrippa
1772 3051 1877 3082 minor
1912 3048 1968 3090 (ef.

1110 3131 1137 3152 c.
1165 3121 1219 3158 1);
1253 3119 1281 3148 is
1314 3117 1447 3147 ultimus
1482 3113 1575 3144 huius
1608 3111 1718 3149 stirpi·
1752 3114 1898 3139 mortuus
1920 3110 1970 3137 eat

1110 3177 1203 3208 tertio
1236 3174 1366 3205 Traiani
1398 3180 1502 3207 anno,
1548 3173 1630 3199 teste
1665 3171 1751 3197 certe
1784 3164 1899 3195 Photio
1935 3163 1969 3193 in

1111 3234 1197 3264 Bibl.
1233 3232 1314 3262 eod.
1348 3231 1399 3260 33.
1438 3237 1469 3266 p.
1503 3227 1556 3256 68.
1592 3235 1621 3254 a.
1656 3233 1684 3254 u.
1721 3232 1751 3254 c.
1785 3221 1863 3258 8⁶³.
1897 3224 1970 3258 pcat

1110 3291 1186 3322 Chr.
1215 3290 1288 3320 100.
1336 3286 1375 3316 de
1408 3292 1473 3323 quo
1506 3287 1612 3312 tamen
1645 3278 1775 3310 dubitat
1806 3277 1881 3307 ὅσοι
1910 3274 1968 3306 θο-

1109 3346 1243 3378 oensem
1275 3343 1332 3375 da·
1359 3339 1526 3374 Jnuoliaa
1556 3338 1600 3369 u.
1626 3346 1658 3375 p.
1685 3336 1760 3371 10⁴.
1791 3342 1865 3364 eum
1896 3331 1969 3362 aliia

1442 3395 1501 3427 sub
1515 3393 1699 3426 Domitiano
1716 3390 1892 3422 decessisse
1906 3388 1966 3418 cir·
