2176 3672
685 339 858 382 LIBER
883 339 938 382 11.
998 337 1098 392 Cap.
1129 338 1195 380 23.
1225 338 1292 381 24.
1322 337 1390 382 25.
1840 336 1920 379 331

153 456 302 501 hortes
329 459 374 500 et
392 455 612 511 quingenti
630 454 794 509 equites
821 454 867 497 in
896 453 1070 497 sinistro
1099 452 1312 506 locantur3
1342 465 1539 508 aggerem
1559 452 1654 495 viae
1682 455 1770 495 tres
1799 463 1923 505 prae-

151 537 291 581 toriae
309 536 519 580 'cohortes
545 534 647 578 altis
676 533 895 578 ordinibus
925 533 1166 586 obtinuere;
1204 534 1356 577 dextra
1383 532 1523 577 fronte
1552 533 1691 587 prima
1718 531 1830 587 legio
1858 531 1923 574 in-

154 617 286 662 cessit
313 629 408 661 cum
438 616 602 659 duabus
632 614 909 657 auxiliaribus
933 613 1176 658 cohortibus
1207 616 1251 657 et
1264 598 1510 668 quingentis
1531 613 1765 667 equitibus:
1795 624 1925 666 super

154 697 234 742 hos
262 710 288 741 e
313 696 529 752 praetorio
558 695 813 749 auxiliisque
847 694 964 738 mille
993 695 1178 748 equites,
1222 694 1413 737 cumulus
1453 694 1669 748 prosperis
1709 695 1787 736 aut
1824 691 1923 735 sub-

154 777 311 821 sidium
329 775 635 828 laborantibus,
665 775 938 818 ducebantur.
988 774 1081 828 (25)
1104 777 1330 829 antequam
1349 775 1628 817 miscerentur
1647 772 1773 827 acieS‚
1803 776 1926 826 terga
1961 779 1981 810 5

153 856 417 902 vertentibus
456 855 720 909 Vitellianis,
762 854 909 898 Celsus
949 855 1035 898 doli
1073 856 1261 908 prudens
1299 854 1502 908 repressit
1541 867 1662 897 suos:
1706 852 1925 896 Vitelliani

153 920 314 981 temere
342 939 616 991 exsurgentes
637 937 812 979 cedente
841 936 998 979 sensim
1020 934 1141 978 Celso
1169 935 1335 990 longius
1364 935 1499 978 secuti
1528 933 1643 977 ultro
1673 934 1717 976 in
1746 933 1924 976 insidias

153 1017 498 1072 praecipitantur.
543 1030 641 1059 nam
670 1030 697 1059 a
723 1015 929 1059 lateribus
969 1015 1186 1069 cohortes,
1227 1015 1440 1070 legionum
1478 1016 1659 1058 adversa
1697 1013 1837 1067 frons,
1879 1016 1925 1057 et

154 1096 298 1141 subito
336 1097 534 1141 discursu
571 1100 696 1151 terga
734 1097 954 1140 cinxerant
991 1097 1166 1151 equites
1210 1096 1377 1151 signum
1414 1108 1584 1150 pugnae
1610 1108 1695 1138 non
1725 1095 1869 1138 statim
1898 1107 1925 1136 a

153 1176 354 1221 Suetonio
382 1177 560 1220 Paulino
598 1177 733 1232 pediti
772 1178 939 1220 datum:
982 1180 1205 1221 cunctator
1242 1179 1398 1219 natura
1438 1179 1482 1219 et
1510 1176 1579 1219 cui
1619 1178 1746 1218 cauta
1779 1176 1923 1230 potius
1938 1184 1981 1215 10

155 1257 332 1302 'consilia
361 1270 457 1302 cum
484 1258 651 1302 ratione
679 1271 807 1313 quam
835 1270 1041 1312 prospera
1069 1270 1119 1301 ex
1149 1270 1251 1301 casu
1279 1256 1509 1311 placerent,
1543 1256 1743 1310 compleri
1770 1255 1922 1310 fossas,

156 1338 315 1393 aperiri
344 1350 552 1393 campum,
582 1339 713 1393 pandi
743 1339 876 1382 aciem
904 1338 1100 1391 iubebat,
1130 1338 1238 1381 satis
1267 1338 1352 1381 cito
1381 1337 1511 1391 incipi
1540 1337 1760 1380 victoriam
1790 1340 1923 1390 ratus,

154 1417 230 1462 ubi
257 1419 474 1473 provisum
502 1418 634 1473 foret,
674 1431 728 1462 ne
756 1419 1034 1462 vincerentur.
1079 1431 1130 1461 ea
1159 1418 1426 1461 cunctatione
1464 1418 1652 1471 spatium
1682 1416 1923 1461 Vitellianis

155 1499 304 1542 datum
332 1499 377 1542 in
406 1499 552 1542 vineas
580 1512 692 1542 nexu
720 1499 945 1542 traducum
975 1499 1202 1553 impeditas
1230 1497 1489 1553 refugiendi,
1530 1501 1575 1541 et
1611 1498 1777 1541 modica
1814 1496 1923 1540 silva

155 1578 438 1634 adhaerebat,
478 1580 592 1623 unde
630 1592 780 1623 rursus
819 1580 914 1623 ausi
952 1580 1293 1634 promptissimos
1329 1579 1695 1633 praetorianorum
1733 1578 1924 1632 equitum
1938 1588 1979 1617 15

150 1658 412 1704 interfecere.
457 1660 704 1703 volneratur
731 1673 805 1704 rex
824 1659 1070 1715 Epiphanes
1100 1659 1267 1714 inpigre
1295 1673 1375 1714 pro
1396 1659 1563 1703 Othone
1591 1672 1777 1714 pugnam
1797 1659 1922 1703 ciens.

1339 1787 1552 1827 quingentib3
1577 1788 1673 1826 (corr.
1693 1788 1759 1827 lm)
1845 1789 1866 1818 4
1890 1790 1925 1818 et

244 1786 299 1831 213
322 1788 462 1828 ingessit
540 1788 560 1818 3
584 1787 797 1818 auxiliaribus
823 1788 1007 1818 Mercerua:
1027 1787 1222 1825 uexillarib3
1242 1785 1249 1829 Ι

1444 1836 1463 1865 9
1488 1833 1634 1864 cinxerat
1701 1843 1801 1872 eques
1824 1833 1925 1864 Rioeer

153 1834 210 1872 (ex
232 1833 339 1874 Bach)
418 1836 437 1866 ‘1
463 1831 653 1875 cedunt-10
736 1836 756 1865 8
780 1832 931 1874 legionfi}
959 1833 1225 1875 (legionariorum
1250 1831 1363 1875 Orelli)

157 1881 200 1912 15
224 1878 318 1923 ausi]
343 1878 430 1922 (ausi
451 1889 668 1920 prorumpere
690 1878 805 1922 Βίτων)
899 1881 941 1911 16
966 1880 1087 1910 othone
1110 1881 1231 1919 (notam
1255 1879 1315 1910 dd.
1340 1878 1405 1921 lm)

149 2003 276 2035 paucos
310 1996 385 2025 ante
419 1994 488 2026 dies
526 1995 621 2035 &spen
655 1995 729 2034 equi
761 1994 905 2034 afflictus
939 1999 1018 2026 erat.

154 2061 183 2083 e.
201 2052 255 2084 38.
281 2069 326 2076 —
349 2050 510 2096 omnum]
545 2053 633 2092 quod
665 2053 844 2085 advenerat
876 2062 917 2084 ex
940 2053 1020 2093 Illy-

1057 1995 1162 2026 ralem
1186 1994 1317 2034 posuit,
1341 1994 1419 2034 quia
1441 1997 1572 2034 praeter
1594 1994 1734 2034 primam
1758 1994 1922 2034 legionem

1055 2052 1171 2083 tertiae
1194 2052 1339 2083 decimae
1362 2052 1503 2092 legionis
1527 2052 1687 2083 vexillum
1710 2052 1845 2093 βᾶθι-εις
1880 2052 1920 2082 cf.

156 2109 235 2141 τίω.
259 2127 304 2132 -
337 2119 483 2149 aqyerem
505 2108 591 2154 viae]
616 2110 770 2151 Intellegi
793 2111 881 2142 viam
905 2111 1021 2142 Postu·
1057 2111 1096 2147 1,
1123 2111 1176 2142 70.
1202 2111 1242 2146 2,
1269 2111 1323 2141 22.
1348 2127 1392 2132 ——
1427 2110 1581 2149 compleri
1600 2108 1730 2154 fossas]
1767 2110 1869 2141 factas
1902 2120 1923 2141 a

154 2167 255 2198 miam
285 2170 377 2207 patet
400 2177 419 2199 e
443 2169 484 2207 3,
510 2170 563 2199 21.
611 2168 694 2199 Viae
729 2171 837 2199 autem
869 2169 956 2199 altae
988 2171 1021 2199 et
1056 2167 1187 2198 rusticis
1217 2167 1413 2206 recipiendis
1445 2167 1540 2206 aquis
1563 2168 1605 2198 ad
1628 2177 1761 2207 campos
1785 2168 1922 2207 irrigan-

154 2227 339 2265 aggeratae.
386 2225 551 2264 Aggerem
583 2226 624 2256 de
647 2225 704 2255 via
734 2226 832 2256 etiam
856 2225 1021 2265 Vergilius
1056 2225 1126 2255 dos.
1151 2243 1195 2248 ——
1230 2224 1355 2264 aperiri
1384 2226 1542 2266 campum]
1576 2225 1740 2256 caedendo
1773 2225 1920 2265 arbores,

155 2282 239 2314 dixit
259 2282 343 2314 Aen.
369 2282 410 2321 5,
435 2283 512 2314 273.
546 2282 634 2314 Eun.
660 2301 705 2305 —
738 2282 814 2313 altis
839 2280 1018 2326 ordinibus]

156 2339 310 2379 η(Ιοιιιίε,
341 2339 530 2371 confertis.“
576 2339 629 2370 Sic
652 2340 751 2370 etiam
773 2340 1020 2380 Francogallice

155 2407 194 2428 en
215 2395 311 2428 ordre
327 2396 478 2437 profond
497 2396 693 2439 (But-nous),
717 2407 756 2427 en
779 2396 925 2428 calonna
940 2406 1021 2436 pro-

147 2453 270 2494 fonda
302 2454 452 2494 (Fen-let).
499 2455 541 2486 cf.
567 2454 723 2494 vegetius
748 2457 780 2494 3,
807 2455 866 2486 15:
901 2454 1020 2492 dicunt,

156 2513 186 2543 si
206 2512 373 2552 angustior
404 2512 493 2544 locus
524 2512 566 2543 sit
588 2513 638 2543 vel
667 2512 835 2543 multitudo
868 2511 1021 2551 sufficiat,

155 2570 251 2601 diam
273 2570 307 2601 fn
322 2569 401 2602 deno
424 2571 474 2601 vel
495 2570 634 2610 amplius
649 2570 736 2601 acics
753 2569 911 2600 ordinari.
948 2570 1021 2599 Ma-

153 2627 203 2667 qz’s
228 2627 310 2659 em'm
333 2627 478 2667 apdit,
514 2632 548 2658 ut
571 2627 712 2666 conserti
732 2631 892 2666 puynent,
926 2636 1021 2666 quam

153 2684 279 2725 lonqiua
301 2685 456 2725 separati.
479 2703 523 2708 -
557 2684 672 2715 deum
687 2683 811 2724 fronte]
839 2683 940 2723 frons
964 2693 1020 2723 op-

153 2741 288 2783 ponitur
320 2741 487 2782 subsides,
521 2745 557 2772 ut
589 2741 677 2781 apud
708 2740 789 2772 Sall.
814 2741 885 2773 Cat.
910 2741 973 2778 59,
999 2742 1019 2772 2

155 2803 226 2831 oceo
259 2799 398 2831 cohortis
420 2800 454 2830 in
467 2799 580 2839 fronte
612 2798 788 2837 mnstssuit,
824 2798 1020 2838 reliquarum

155 2855 249 2896 siqua
280 2867 315 2888 m
349 2856 491 2887 subsidio
517 2856 626 2896 potius
658 2856 811 2886 conlocat.
837 2873 881 2879 --
908 2855 1021 2895 prima

154 2913 249 2956 lofin]
272 2915 410 2946 classica
432 2914 593 2945 Adiutrix.
620 2931 663 2936 --
695 2912 835 2943 cumulus
852 2912 1020 2953 prosperis

155 2975 213 3002 aut
226 2971 399 3003 subsidam
413 2968 647 3014 laborantibus]
672 2969 787 3002 similis
803 2970 892 3001 locus
908 2969 1016 3009 Agric.

156 3027 201 3060 35
223 3028 359 3068 leo-iona
375 3039 440 3069 pro
463 3029 550 3060 vallo
573 3033 699 3065 stetere,
734 3027 843 3067 inqens
866 3027 1019 3058 victor-1210

155 3084 250 3117 decus
280 3086 363 3117 eitra
392 3086 568 3118 Romanum
599 3085 782 3125 sanquinem
815 3084 958 3115 bellandi
988 3088 1017 3114 ει

155 3143 322 3182 auxum,
346 3144 377 3174 ei
393 3144 596 3184 pellerentur.

202 3201 255 3231 25.
311 3198 492 3244 Vitelliani]
529 3200 552 3231 ii
581 3201 756 3239 nimirum,
790 3198 845 3238 qui
878 3199 912 3229 in
936 3198 1017 3229 lucis

155 3255 230 3287 viae
252 3255 371 3288 vicinis
394 3257 512 3288 occulti
536 3261 637 3289 erant.
660 3274 705 3280 —
729 3267 751 3287 a
771 3253 935 3299 lateram]
959 3255 1015 3286 Di-

157 3313 202 3344 cit
224 3312 267 3343 ab
291 3313 441 3345 omnibus
472 3314 619 3354 partibus
652 3314 891 3346 circumventos
914 3313 1015 3343 Vitel-

1056 2282 1151 2313 vites.
1176 2299 1221 2305 —
1251 2292 1334 2312 nexu
1366 2282 1544 2324 traducum]
1578 2281 1708 2313 Scilicet
1736 2282 1772 2313 in
1794 2292 1833 2314 eo
1856 2283 1921 2313 Ita-

1058 2339 1122 2371 liae
1146 2342 1252 2371 tractu
1275 2340 1361 2370 vites
1391 2340 1478 2371 inter
1500 2339 1636 2371 arbores
1660 2340 1848 2371 etiamnunc
1871 2350 1921 2371 se·

1056 2400 1172 2428 rantur
1205 2397 1420 2435 traducesque
1459 2406 1536 2428 suos
1569 2406 1610 2427 ex
1642 2406 1708 2428 una
1742 2398 1838 2428 alteri
1869 2407 1921 2428 co-

1056 2457 1198 2486 nectunt.
1231 2472 1275 2476 —-
1320 2453 1402 2485 unde
1442 2463 1554 2485 rursus
1593 2453 1682 2494 ausi]
1723 2455 1763 2485 cf.
1799 2456 1843 2494 4,
1878 2455 1920 2486 ⁷6

1055 2521 1191 2542 ausuros
1229 2520 1360 2550 nnana,
1408 2513 1446 2549 5,
1482 2513 1523 2542 11
1563 2511 1685 2550 lonqaas
1720 2511 1842 2543 ausuri.
1876 2530 1920 2535 —

1056 2568 1253 2609 Epiphanes]
1292 2568 1395 2599 Filius
1430 2568 1604 2606 Antiochi,
1642 2569 1729 2608 regis
1769 2568 1919 2600 Comma-

1056 2626 1151 2666 geni,
1190 2626 1281 2657 cuius
1319 2626 1354 2656 iu
1392 2625 1489 2656 rebus
1527 2625 1725 2666 Vespasiani
1764 2629 1795 2656 et
1833 2626 1920 2665 apud

1056 2684 1205 2715 Tacitum
1237 2683 1369 2715 mentio.
1417 2683 1451 2714 Is
1477 2686 1553 2713 tunc
1576 2683 1700 2713 Romae
1735 2682 1814 2722 fuit,
1848 2683 1919 2714 sive

1055 2740 1169 2779 obses,
1206 2743 1364 2780 regnante
1395 2739 1501 2771 adhuc
1524 2743 1637 2779 patre,
1671 2739 1742 2771 sive
1766 2740 1832 2770 alia
1855 2749 1919 2779 qua

1054 2799 1094 2830 de
1125 2806 1241 2836 causa,
1282 2797 1510 2835 Othonemque
1550 2796 1721 2828 comitatus
1759 2800 1818 2829 est.
1865 2797 1918 2828 De

1054 2856 1123 2887 eius
1148 2854 1357 2895 parentisque
1381 2853 1457 2884 fatis
1480 2863 1514 2883 v.
1530 2853 1689 2893 Iosephus
1711 2854 1749 2884 B.
1767 2854 1799 2885 J.
1827 2856 1857 2892 7,
1884 2855 1915 2885 7.

1054 2914 1121 2943 Rex
1143 2914 1279 2943 vocatur
1302 2914 1415 2942 vetere
1439 2920 1549 2950 more,
1582 2919 1647 2949 quo
1671 2910 1768 2942 etiam
1801 2920 1915 2950 regum

1054 2970 1112 3001 filii
1137 2972 1169 3000 et
1192 2968 1375 3008 quicunque
1408 2968 1520 3008 regiae
1552 2967 1664 3007 stirpis
1696 2971 1791 3006 sunt,
1828 2978 1917 3006 reyes

1054 3030 1231 3064 vocantur,
1265 3028 1301 3056 ut
1333 3025 1419 3065 apud
1453 3025 1597 3055 Graecos
1633 3024 1792 3067 βασιλεῖς.
1827 3024 1917 3055 Eun.

1053 3085 1105 3116 Sic
1130 3084 1227 3114 etiam
1252 3083 1283 3121 5,
1302 3083 1341 3112 9:
1365 3092 1422 3112 rex
1437 3081 1578 3113 Pacorus
1603 3081 1720 3112 dicitur
1742 3091 1802 3121 pro
1827 3082 1915 3122 regis

1054 3142 1132 3172 filio.
1174 3142 1205 3178 3,
1233 3140 1291 3170 72:
1318 3139 1424 3178 pultis
1447 3137 1570 3177 restibus
1594 3148 1653 3178 pro
1677 3148 1754 3178 rege
1779 3139 1914 3178 eiusque

1053 3197 1186 3229 familia.
1232 3196 1315 3227 Cum
1338 3197 1439 3227 fratre
1463 3196 1623 3228 Callinico
1647 3194 1818 3227 exhibetur
1836 3195 1914 3236 Epi-

1053 3255 1176 3296 phanes
1199 3254 1233 3284 in
1257 3263 1388 3284 nummo
1413 3254 1706 3293 Commagenorum
1730 3253 1818 3292 apud
1840 3253 1913 3284 Pel-

1052 3312 1135 3343 lerin
1161 3310 1243 3341 Μέᾶ.
1268 3310 1306 3341 de
1329 3311 1396 3341 τοῖο
1419 3320 1450 3350 p.
1472 3311 1546 3340 124.
1587 3309 1625 3340 cf.
1651 3309 1778 3341 Eckhel
1803 3310 1846 3343 D.
1870 3311 1911 3341 N.

155 3370 271 3401 lianos.
312 3369 471 3402 eonon-tos
494 3371 599 3402 latera
621 3371 868 3410 circumradere,
892 3370 1017 3409 equites
1052 3369 1100 3399 111
1123 3378 1155 3408 p.
1174 3369 1251 3399 258.
1290 3366 1423 3398 Onna.
1474 3366 1646 3407 Inscriptio
1672 3366 1742 3398 eius
1765 3370 1814 3398 est
1840 3364 1913 3399 BA·

155 3430 261 3467 terga,
284 3427 371 3467 legio
395 3428 545 3459 frontem.
570 3428 657 3460 ERN.
684 3446 726 3451 —
750 3425 919 3470 leyionum]
944 3427 1016 3466 plu·

1053 3422 1243 3458 ΣΙΛΕΩΣ
1268 3422 1368 3456 ΥΙΟΙ
1403 3427 1436 3455 et
1468 3424 1501 3455 in
1525 3427 1619 3463 parte
1653 3433 1771 3455 aversa
1794 3421 1911 3456 ΚΟΜ-
