2176 3672
739 333 912 377 LIBER
940 335 996 378 Π.
1056 334 1157 389 Cap.
1191 337 1254 378 11.
1289 336 1353 379 12.
1388 335 1452 379 13.
1894 335 1972 377 321

206 459 290 502 que
326 448 569 502 provinciae
604 447 870 492 Narbonensi
906 449 1107 493 Suedium
1148 449 1425 503 Clementem,
1467 450 1699 492 Antonium
1740 449 1976 503 Novellum,

204 526 433 587 Aemilium
453 527 681 571 Pacensem
710 528 840 572 duces
870 529 1060 572 dederat.
1109 530 1184 572 sed
1214 530 1412 573 Pacensis
1441 543 1519 584 per
1547 529 1763 573 licentiam
1793 529 1976 572 militum

205 606 394 660 vinctus,
436 608 620 651 Antonio
648 607 823 651 Novello
852 608 970 652 nulla
1001 611 1259 663 auctoritas,
1302 610 1484 653 Suedius
1515 609 1708 652 Clemens
1749 609 1976 652 ambitioso

204 686 382 741 imperio
410 687 597 741 regebat,
627 691 677 730 ut
706 689 911 731 adversus
940 690 1190 732 modestiam
1223 690 1470 744 disciplinae
1501 694 1739 744 corruptus,
1770 690 1833 733 ita
1852 703 1976 744 proe-

203 765 358 809 liorum
388 767 549 810 avidus.
594 780 677 810 non
707 768 835 810 Italia
875 769 986 811 adiri
1023 781 1099 811 nec
1137 769 1230 812 loca
1268 770 1475 824 sedesque
1504 770 1671 824 patriae
1700 770 1973 813 videbantur:
1990 781 2009 810 5

205 849 406 901 tanquam
437 851 610 890 externa
637 847 766 890 litora
796 852 840 891 et
869 848 995 891 urbes
1026 849 1211 892 hostium
1242 862 1365 892 urere
1394 854 1566 892 vastare
1594 863 1759 904 rapere,
1791 863 1840 892 eo
1861 857 1975 893 atro-

205 926 309 980 ciuS,
338 927 454 982 quod
482 926 588 970 nihil
617 940 795 982 usquam
826 929 1042 982 provisum
1073 930 1295 973 adversum
1326 933 1477 972 metus.
1521 929 1636 983 pleni
1665 931 1770 984 agri,
1800 935 1975 984 apertae

203 1006 373 1060 domus;
403 1011 673 1050 occursantes
702 1008 862 1051 domini
891 1010 1010 1052 iuxta
1040 1010 1238 1063 coniuges
1269 1014 1312 1052 et
1340 1009 1496 1052 liberos
1526 1011 1754 1053 securitate
1784 1011 1902 1064 pacis
1932 1015 1975 1053 et

201 1085 301 1129 belli
330 1086 442 1129 malo
471 1088 919 1132 circumveniebantur.
965 1090 1201 1132 maritimas
1233 1092 1324 1131 tum
1354 1089 1485 1143 Alpes
1516 1090 1689 1133 tenebat
1725 1094 1976 1144 procurator

203 1166 366 1210 Marius
388 1166 596 1210 Maturus.
643 1168 680 1210 is
710 1170 876 1211 concita
905 1173 1030 1222 gente
1060 1169 1156 1224 (nec
1177 1170 1296 1212 deest
1316 1171 1533 1222 iuventus)
1563 1182 1706 1213 arcere
1735 1171 1976 1224 provinciae
1993 1185 2033 1213 ιο

201 1244 356 1289 finibus
377 1246 638 1290 Othonianos
660 1249 854 1301 intendit,
885 1250 961 1292 sed
989 1250 1126 1303 primo
1157 1250 1319 1302 impetu
1350 1249 1463 1292 caesi
1494 1249 1743 1304 disiectique
1772 1251 1974 1304 montani,

203 1330 252 1369 ut
279 1327 432 1381 quibus
462 1332 621 1371 temere
651 1328 855 1382 collectis,
901 1342 983 1371 non
1013 1334 1174 1383 castra,
1213 1342 1295 1371 non
1326 1330 1477 1372 ducem
1505 1329 1812 1373 noscitantibus
1839 1344 1975 1385 neque

201 1406 245 1448 in
265 1406 444 1449 victoria
463 1407 593 1450 decus
613 1412 728 1451 esset
755 1421 890 1462 neque
919 1409 963 1452 in
992 1408 1094 1463 fuga
1123 1407 1344 1463 flagitium.
1404 1409 1498 1463 (13)
1529 1410 1724 1452 irritatus
1745 1424 1794 1453 eo
1814 1411 1975 1464 proelio

202 1485 382 1529 Othonis
420 1487 540 1530 miles
570 1489 700 1531 vertit
735 1488 822 1531 iras
858 1488 902 1531 in
931 1489 1206 1543 municipium
1238 1489 1577 1532 Albintimilium.
1625 1491 1783 1544 quippe
1811 1491 1854 1533 in
1885 1492 1976 1534 acie

200 1565 307 1608 nihil
337 1568 545 1621 praedae,
575 1568 722 1622 inopes
751 1571 943 1622 agrestes
973 1572 1016 1611 et
1045 1569 1147 1612 vilia
1177 1582 1316 1622 arma3
1347 1582 1424 1612 nec
1454 1571 1549 1624 capi
1578 1574 1798 1624 poterant,
1828 1572 1976 1625 pernix
1991 1586 2031 1614 15

201 1658 333 1700 genus
363 1651 408 1690 et
436 1648 556 1700 gnari
584 1647 796 1701 locorum;
837 1649 914 1691 sed
953 1649 1267 1692 calamitatibus
1307 1650 1537 1693 insontium
1574 1650 1743 1704 expleta
1782 1652 1974 1694 avaritia.

202 1727 321 1770 auxit
348 1727 548 1770 invidiam
578 1728 797 1789 praeclaro
827 1729 1017 1783 exemplo
1047 1728 1204 1772 femina
1232 1729 1386 1783 Ligus,
1423 1743 1531 1784 quae
1560 1729 1648 1773 filio
1679 1729 1848 1785 abdito,
1879 1744 1974 1774 cum

202 1806 330 1849 simul
357 1807 578 1860 pecuniam
608 1808 813 1851 occultari
841 1809 998 1852 milites
1029 1810 1310 1852 credidissent
1339 1823 1473 1864 eoque
1502 1823 1579 1864 per
1599 1811 1813 1854 cruciatus
1843 1812 1973 1854 inter-

296 1948 311 1976 1
338 1944 552 1976 narbonensis
646 1948 664 1976 2
690 1947 802 1977 emilifi
896 1948 915 1977 3
940 1948 1046 1978 uictus
1070 1949 1105 1985 (n
1131 1957 1287 1987 superse-r.
1309 1951 1372 1987 lm)
1464 1950 1486 1979 4
1511 1949 1695 1987 corruptius
1720 1948 1903 1992 (corruptos
1928 1969 1971 1973 —

202 1990 317 2021 avidos
341 1991 388 2022 Io.
415 1992 470 2021 Fr.
490 1990 683 2034 Gronovius)
774 1994 832 2029 415
857 1994 965 2033 plion-1
1058 1995 1077 2023 5
1102 1995 1202 2024 aditis
1226 1992 1255 2036 (s
1280 1994 1341 2024 dez.
1368 1992 1431 2034 lm)
1524 1996 1580 2033 8l9
1616 1992 1675 2037 [et]
1701 1995 1779 2026 belli
1804 1997 1972 2027 .·1eidalius

203 2038 223 2067 9
259 2037 355 2066 Marti
391 2039 498 2067 masta
602 2040 644 2068 14
674 2038 928 2069 Albintimilium
953 2039 1163 2070 Puteolanus:
1186 2040 1311 2070 albiniti
1337 2040 1442 2070 militi-1
1475 2039 1525 2080 (tsi
1550 2040 1609 2069 del.
1634 2045 1663 2070 et
1685 2040 1709 2071 V
1733 2052 1886 2081 superscr.
1910 2043 1972 2082 lm)

205 2083 245 2113 15
271 2083 370 2112 nichil
393 2082 456 2122 βόε
548 2090 695 2122 agi-astes
718 2088 816 2125 (corr.
841 2086 907 2125 2m)
998 2086 1081 2116 uilla
1171 2090 1300 2125 poterat
1323 2086 1359 2128 (n
1384 2095 1542 2125 super-sm·-
1571 2085 1634 2128 lm)
1729 2090 1768 2119 17
1795 2090 1880 2118 ausit

203 2217 266 2246 que
281 2207 361 2238 Vari
385 2208 488 2247 ripam
513 2209 592 2239 sitae
617 2211 649 2238 et
673 2209 712 2239 ad
730 2209 892 2239 Rutubam
918 2210 949 2240 fl.
970 2210 1064 2239 fines·
1086 2207 1257 2240 'notatur-z
1284 2215 1342 2247 „ut
1367 2211 1463 2241 nimis
1488 2211 1658 2249 indulgens
1677 2221 1754 2248 erga
1771 2213 1899 2249 milites,
1926 2214 1971 2243 ita

204 2274 267 2303 que
290 2264 446 2303 Liguriae
479 2269 658 2304 porrectae.
705 2266 829 2296 Eadem
864 2267 1067 2297 contermina
1106 2268 1297 2298 temerarius
1331 2270 1436 2300 erat.“
1485 2267 1637 2298 Ceterum
1672 2269 1756 2299 Med.
1790 2271 1971 2309 corruptius

195 2322 383 2362 provinciae
401 2321 613 2359 Narbonemi,
639 2331 732 2360 quae,
758 2323 784 2353 si
804 2323 961 2354 rationem
986 2324 1066 2354 situs
1106 2325 1220 2355 eodem
1237 2334 1277 2355 ex
1294 2334 1403 2355 errore
1428 2334 1466 2355 ac
1489 2335 1515 2355 c.
1532 2326 1572 2355 23
1593 2326 1773 2364 promptius
1789 2336 1848 2365 pro
1859 2337 1969 2365 prom-

202 2378 367 2417 habueris,
392 2379 496 2418 prima
519 2379 730 2418 proximaque
746 2380 968 2411 Romanorum
994 2391 1066 2420 pro-
1099 2386 1185 2420 ptus.
1211 2399 1254 2404 —
1283 2381 1478 2420 proeliorum
1501 2380 1629 2425 avidus]
1656 2383 1805 2413 similiter
1829 2384 1971 2415 Caecina

204 2436 314 2467 vincia
337 2437 369 2466 in
388 2435 504 2466 Galliis
529 2437 601 2473 fuit,
624 2437 710 2467 dicta
737 2437 834 2468 etiam
853 2438 965 2469 Gallia
982 2439 1067 2469 Bra·
1109 2441 1146 2475 1,
1173 2439 1213 2470 67
1251 2439 1366 2469 dicitur
1390 2438 1465 2468 belli
1488 2438 1614 2469 avidus.
1641 2457 1680 2462 —
1713 2439 1785 2470 loca
1809 2440 1969 2481 sedesque]

202 2497 286 2524 cata.
326 2494 367 2524 cf.
393 2495 426 2531 3,
450 2495 505 2525 42.
545 2494 630 2524 Ann.
659 2495 711 2531 15,
738 2496 792 2525 32.
827 2495 997 2527 Rnrnn'rr.
1024 2493 1088 2518 —'

202 2550 353 2581 Sacellum
378 2547 453 2593 cet-J
481 2551 531 2581 De
555 2551 606 2581 his
631 2560 730 2590 supra
753 2551 873 2581 dictum
900 2554 930 2588 1,
952 2554 1004 2583 87.
1024 2570 1067 2574 —
1106 2552 1333 2582 immoraretur
1356 2552 1388 2582 in
1414 2553 1593 2583 miserabili
1618 2554 1679 2583 hac
1695 2554 1836 2593 imagine
1854 2555 1967 2586 Italiae

202 2607 371 2639 ambitioso
405 2605 552 2651 imperio]
591 2611 626 2638 ut
659 2618 759 2647 supra
791 2611 829 2644 1,
856 2610 908 2639 83.
952 2610 992 2639 cs.
1029 2609 1068 2639 de
1106 2608 1147 2638 ab
1171 2609 1250 2647 ipsis
1275 2609 1366 2638 Italis
1389 2609 1612 2648 depopulatae.
1641 2627 1683 2632 —
1717 2611 1884 2642 adversum
1907 2622 1970 2642 me-

202 2665 308 2696 Mario
333 2664 410 2695 Sall.
438 2666 507 2703 lug.
533 2667 587 2700 64.
607 2666 627 2695 5
650 2675 748 2704 neque
762 2665 859 2704 facto
882 2666 947 2696 ullo
971 2675 1069 2704 neque
1104 2662 1168 2707 cus]
1193 2665 1233 2695 cf.
1253 2667 1284 2701 4,
1302 2666 1321 2695 5
1347 2670 1498 2696 constans
1514 2665 1666 2696 adversm
1683 2672 1791 2698 metus.
1818 2686 1859 2691 ——
1878 2670 1971 2708 pleni

205 2722 289 2753 dicto
312 2721 489 2761 abstinere,
515 2722 600 2760 quod
621 2722 713 2752 modo
738 2721 937 2753 ambitiosum
953 2722 1043 2761 soret
1055 2733 1068 2761 ;
1105 2722 1191 2761 ayri]
1223 2722 1304 2753 Sall.
1330 2723 1398 2762 Iug.
1424 2723 1478 2758 46,
1506 2723 1524 2752 5
1551 2727 1662 2753 contra
1687 2723 1762 2754 belli
1772 2725 1898 2764 faeiem
1921 2731 1968 2756 tu-

202 2779 338 2818 milites,
375 2778 487 2818 quibus
511 2779 546 2809 in
569 2779 709 2810 hibernis
735 2784 909 2819 praeerat,
944 2779 1069 2810 laxiore
1103 2779 1198 2816 maria
1225 2779 1324 2818 plena
1347 2778 1524 2816 hominum,
1554 2789 1676 2819 pecora
1707 2781 1901 2822 cultoresque
1935 2784 1968 2813 in

202 2836 335 2876 imperio
358 2847 454 2875 quam
477 2840 573 2867 antea
597 2836 720 2867 habere.
747 2855 789 2859 -
825 2837 977 2867 adversus
1001 2846 1066 2866 mo·
1104 2836 1192 2874 agn—is
1216 2840 1317 2866 erant.
1342 2854 1384 2858 ·—
1418 2840 1446 2866 et
1471 2836 1545 2866 belli
1565 2834 1663 2879 malo]
1689 2842 1718 2868 et
1741 2840 1866 2878 posuit,
1892 2841 1969 2879 quia

205 2891 352 2936 datiam]
377 2894 410 2923 h.
429 2903 458 2924 e.
484 2893 569 2932 quod
595 2894 635 2924 ad
660 2894 851 2924 modestiam
877 2894 1067 2933 disciplinae
1104 2903 1218 2923 sensus
1243 2898 1310 2924 est:
1351 2902 1486 2932 „pacem
1520 2893 1615 2924 simul
1652 2898 1683 2923 et
1713 2894 1835 2926 bellum
1870 2897 1967 2928 habe-

203 2950 383 2980 attinebat:
408 2961 441 2980 v.
468 2950 588 2981 Gerber
614 2954 645 2981 et
669 2951 772 2990 Greef
790 2951 869 2981 Lex.
887 2951 964 2982 Tac.
989 2961 1014 2981 s.
1035 2962 1066 2981 v.
1104 2951 1219 2981 l›ant.“
1259 2960 1396 2989 zeugma
1431 2950 1530 2987 igitur
1562 2950 1724 2989 quoddam
1761 2954 1966 2986 statuendum

204 3006 368 3038 adversus.
407 3017 472 3038 non
496 3008 595 3047 igitur
619 3012 704 3039 recte
731 3007 901 3039 Doclerlein
925 3008 1066 3047 suspica·
1104 3012 1173 3046 est3
1210 3017 1283 3037 nam
1319 3007 1380 3037 hoc
1413 3007 1519 3037 dicere
1551 3008 1640 3037 vult:
1676 3009 1841 3040 securitate
1870 3012 1967 3050 pacis

203 3064 299 3095 batur
321 3064 475 3095 adversus
498 3065 733 3096 immodestiam.
771 3066 811 3096 cf.
838 3068 867 3103 1,
888 3067 930 3096 35
954 3065 1066 3095 adver·
1104 3063 1278 3094 utebantur
1302 3068 1331 3093 et
1354 3063 1429 3093 belli
1449 3064 1534 3093 malo
1559 3064 1888 3097 cirmmvem'ebamur.
1924 3069 1965 3098 cf.

203 3131 256 3152 ετιε
286 3121 480 3152 blandientes
513 3123 725 3162 incomptus.
761 3122 813 3165 ad.
827 3132 857 3153 v.
883 3123 1067 3152 modestiam
1104 3121 1188 3151 Ann.
1213 3122 1246 3158 4,
1266 3122 1305 3150 74
1330 3121 1469 3158 qratiam
1492 3125 1548 3150 aut
1564 3121 1677 3160 fastus
1701 3122 1872 3154 ianitorum
1892 3135 1966 3164 per-

204 3179 245 3208 es.
281 3180 365 3209 Anu.
396 3181 434 3216 1,
459 3180 502 3209 35
535 3178 591 3209 ubi
619 3179 772 3210 modestia
805 3179 980 3209 militaris?
1014 3179 1069 3209 ubi
1098 3177 1305 3216 petiebantur.
1343 3177 1469 3215 Dra'yer
1493 3176 1583 3217 Synt.
1609 3179 1629 3218 ξ
1649 3180 1724 3216 239,
1750 3182 1783 3211 4.

201 3235 315 3264 vetem}
339 3234 529 3274 disciplinae
553 3235 645 3266 decue
658 3236 673 3265 J
697 3254 729 3258 -
772 3236 949 3276 corruptus]
976 3236 1065 3274 „ani-
1150 3235 1203 3264 13.
1251 3231 1506 3277 Albintimaium]
1547 3245 1573 3264 s.
1605 3234 1732 3266 Albium
1761 3237 1964 3277 Intemelium,

204 3301 258 3322 mo
282 3291 315 3321 in
341 3291 551 3323 ambitionem
576 3292 796 3336 (Gunstsucht)
822 3297 973 3333 corrupto
999 3303 1064 3323 mo-
1103 3291 1259 3329 Ligurum
1284 3291 1440 3330 oppidum
1470 3291 1587 3321 Strabo
1612 3294 1630 3322 4
1659 3302 1691 3331 p.
1710 3295 1785 3324 202.
1823 3294 1905 3325 Plin.
1932 3298 1963 3332 3,

204 3348 329 3379 deatum
362 3358 400 3379 ac
432 3359 580 3380 severam
614 3351 820 3390 disciplinam
853 3350 988 3381 dissolvi
1024 3350 1064 3379 si·
1102 3350 1156 3379 48.
1204 3348 1342 3387 Forma,
1386 3357 1482 3386 quam
1515 3349 1556 3378 ad
1580 3348 1676 3379 fldem
1700 3349 1784 3380 Med.
1810 3353 1964 3390 praetuli-

206 3409 321 3436 nens.“
356 3406 492 3436 DUEBN.
541 3408 670 3447 Duplex
704 3408 803 3447 igitur
827 3408 942 3438 vitium
968 3408 1000 3437 in
1026 3416 1063 3437 eo
1102 3415 1183 3441 mus.
1210 3410 1243 3435 et
1269 3406 1300 3435 in
1326 3405 1412 3444 spon
1439 3405 1531 3436 Misc.
1559 3415 1588 3445 p.
1611 3407 1673 3437 155
1699 3411 1731 3438 et
1750 3408 1866 3440 Anton.
1888 3410 1961 3440 ltin.

1106 2494 1296 2534 synonyma
1312 2496 1426 2533 iunxit,
1452 2505 1515 2534 quo
1540 2496 1642 2526 lector
1662 2497 1829 2535 aliquanto
1848 2498 1969 2529 diutins
