2176 3672
585 580 1060 635 CORNELII
1118 579 1461 634 TACITI

441 698 588 756 DE
636 697 891 757 SITU
935 695 1604 756 GERMANIAE

887 817 924 862 Ι.
944 817 972 861 1
992 817 1032 862 B
1052 817 1090 861 E
1110 817 1167 861 R.

781 975 1266 1015 BREVIARIUM.

137 1049 207 1083 Cap.
232 1051 258 1077 1.
293 1049 462 1077 Germaniae
487 1049 571 1076 situs.
603 1050 628 1076 2.
652 1048 763 1075 incolae
787 1048 948 1082 indigenae.
984 1048 1115 1074 auctores
1139 1047 1241 1080 gentis.
1278 1045 1404 1072 nominis
1429 1045 1519 1079 origo.
1555 1045 1700 1072 Hercules.
1731 1047 1756 1072 8.
1775 1045 1913 1073 harditus.

171 1098 224 1119 ιη
241 1091 341 1119 Ulixis.
379 1093 404 1117 4.
422 1091 556 1118 Germani
574 1097 646 1124 gens
670 1091 790 1116 sincera.
825 1089 938 1115 babitus
964 1094 1122 1120 corporum.
1159 1088 1184 1113 5.
1202 1089 1297 1113 terrae
1324 1089 1433 1114 natura.
1469 1094 1528 1113 non
1546 1094 1656 1120 aurum,
1676 1094 1733 1113 non
1756 1090 1911 1121 argentum,

170 1139 225 1159 nec
248 1134 432 1159 aestimatum.
469 1134 494 1158 6.
513 1132 717 1158 Germanorum
734 1137 826 1163 arma,
851 1130 1006 1163 equitatus,
1025 1129 1182 1162 peditatus,
1203 1129 1273 1154 ordo
1297 1129 1426 1155 militiae.
1462 1130 1487 1155 7.
1506 1135 1603 1162 reges,
1623 1129 1722 1161 duces,
1741 1129 1911 1156 sacerdotes.

172 1175 199 1200 ⁸.
217 1174 384 1200 feminarum
403 1174 492 1200 virtus
510 1176 539 1199 et
556 1172 710 1200 veneratio.
740 1170 856 1197 Veleda-
886 1170 1021 1196 Albruna.
1059 1171 1083 1196 9.
1103 1170 1156 1203 dii,
1175 1177 1270 1202 sacra,
1291 1171 1443 1197 simulacra
1466 1171 1554 1197 nulla.
1592 1172 1633 1196 10.
1652 1171 1793 1203 auspicia,
1812 1173 1913 1196 sortes.

173 1222 210 1242 ox
236 1216 330 1249 equis,
355 1223 371 1242 e
398 1216 510 1248 captivo
528 1214 690 1248 praesagia.
727 1213 769 1238 11.
787 1212 1009 1238 consultationes
1034 1211 1165 1244 publicae
1189 1213 1218 1237 et
1236 1215 1399 1239 conventus.
1438 1214 1479 1239 12.
1497 1213 1707 1245 accusationes,
1729 1219 1849 1246 poenae,
1868 1213 1912 1238 ius

173 1256 322 1283 addim.
354 1258 395 1282 13.
413 1258 493 1282 scuto
511 1256 672 1287 frameaque
686 1254 779 1280 ornati
791 1254 921 1286 iuvenes,
940 1254 1100 1286 principum
1113 1253 1238 1279 comites.
1275 1260 1372 1279 eorum
1385 1254 1474 1280 virtus
1487 1253 1610 1280 etfama.
1644 1255 1685 1279 14.
1704 1254 1797 1286 gentis
1810 1253 1914 1279 bellica

172 1298 275 1325 nudie.
312 1298 354 1324 15.
377 1298 408 1329 in
430 1304 502 1330 pace
520 1296 648 1328 venatio,
667 1295 762 1321 otium.
798 1294 904 1321 collata
927 1295 1103 1327 prIncipibus
1122 1301 1247 1320 munera.
1286 1295 1327 1320 16.
1346 1295 1430 1321 urbes
1449 1295 1552 1320 nullae.
1589 1295 1658 1326 vici,
1679 1295 1792 1327 domus,
1811 1301 1913 1327 specus

164 1337 323 1372 ‚sumnum
339 1338 439 1364 hiemis
458 1340 487 1364 et
504 1336 710 1370 receptaculum
727 1335 865 1368 frug-ibus.
899 1336 941 1361 1'1.
959 1336 1077 1362 vestitus
1102 1336 1240 1367 virorum,
1261 1335 1436 1362 feminarum.
1469 1337 1510 1361 18.
1529 1336 1709 1362 matrimonia
1722 1342 1829 1362 severa.
1861 1335 1913 1361 dos

161 1379 192 1406 ἰ
206 1380 310 1407 marito
328 1379 432 1406 oblata.
465 1380 506 1404 19.
518 1378 663 1411 pudicitia.
691 1377 823 1403 adulterii
837 1384 938 1410 poena.
967 1377 1156 1410 monogamia.
1186 1377 1340 1404 liberorum
1352 1384 1483 1403 numerus
1497 1384 1556 1403 non
1569 1377 1674 1403 finitus.
1706 1377 1748 1403 20.
1761 1376 1913 1403 liberorum

171 1419 309 1452 educatio.
339 1420 529 1446 successionis
547 1420 635 1452 leges.
667 1420 710 1445 21.
729 1419 832 1452 patris,
858 1419 1012 1452 propinqui
1031 1419 1173 1446 amicitiae
1198 1419 1418 1452 inimicitiaeque
1438 1420 1594 1451 susceptae.
1623 1417 1767 1444 homicidii
1786 1418 1914 1450 pretium.

171 1454 358 1495 bospitalitas.
395 1462 438 1488 22.
455 1461 539 1494 lotlo,
559 1462 664 1493 victus,
683 1460 824 1486 ebriorum
843 1461 931 1487 rixae.
969 1461 1139 1487 consultatio
1159 1461 1189 1486 in
1208 1460 1355 1487 conviviis.
1385 1460 1429 1486 23.
1447 1461 1544 1492 potus,
1563 1459 1650 1485 cibus.
1682 1460 1725 1485 24.
1745 1458 1914 1492 spectacula.

170 1501 252 1530 oleae
270 1501 357 1529 furor.
394 1504 436 1529 25.
456 1503 545 1536 servi,
564 1502 700 1528 libertini.
736 1502 779 1527 26.
798 1501 897 1528 faenus
923 1502 1060 1535 ignotum.
1097 1501 1278 1535 agricultura.
1315 1501 1382 1528 anni
1401 1503 1536 1534 tempora.
1573 1502 1616 1527 27.
1635 1500 1749 1533 funera,
1774 1500 1913 1533 sepulcra,

172 1543 272 1570 luctus.
581 1548 591 1553 “

206 1585 251 1611 28.
275 1585 456 1618 Singularum
480 1584 606 1617 gentium
624 1583 761 1610 instituta.
797 1584 887 1615 Galli,
913 1584 980 1610 olim
998 1584 1094 1610 valida
1112 1591 1198 1617 gens,
1223 1585 1253 1610 in
1278 1583 1459 1610 Germaniam
1478 1583 1667 1616 transgressi,
1685 1583 1822 1615 Helvetii,
1841 1582 1913 1608 Boii.

173 1625 316 1658 Aravisci,
335 1626 400 1658 Osi,
419 1626 557 1652 incertum
575 1632 674 1658 genus.
711 1625 896 1651 Germanicae
916 1626 1036 1658 originis
1055 1625 1153 1658 populi
1173 1625 1303 1657 Treveri,
1316 1625 1427 1657 Nervii,
1440 1625 1619 1657 Vangiones,
1634 1624 1761 1657 Triboci,
1774 1624 1914 1655 Nemetes,

172 1666 246 1693 Ubii.
288 1667 332 1693 29.
362 1667 476 1699 Batavi,
502 1666 666 1693 Chattorum
690 1666 794 1698 proles.
836 1666 971 1692 Mattiaci.
1014 1667 1183 1692 Decumates
1208 1666 1280 1699 agri.
1328 1666 1372 1691 30.
1415 1667 1458 1691 31.
1484 1666 1648 1692 Chattorum
1673 1666 1768 1698 regio,
1793 1664 1915 1696 habitus,

172 1707 326 1741 disciplina
349 1707 493 1740 militaris,
526 1709 606 1739 vota,
624 1708 736 1734 virtutis
755 1708 907 1734 incentiva.
943 1707 986 1733 32.
1006 1707 1099 1740 Usipi,
1126 1707 1269 1739 Tencteri,
1289 1707 1415 1739 equitatu
1434 1709 1620 1740 praestantes.
1656 1707 1698 1733 38.
1717 1707 1915 1732 Bructerorum

172 1749 270 1782 sedes,
293 1756 312 1775 a
336 1749 487 1776 Chamavis
518 1751 546 1775 et
576 1749 755 1782 Angrivariis
786 1750 946 1781 occupatae.
989 1749 1031 1774 34.
1063 1748 1225 1781 Dulgubnii.
1268 1747 1424 1775 Chasuarii.
1467 1749 1562 1774 Frisii.
1610 1749 1653 1775 35.
1689 1748 1808 1780 Chauci,
1837 1747 1916 1780 pacis

140 1785 141 1789 ¹
173 1790 280 1823 studio,
305 1791 413 1817 iustitia
436 1793 465 1816 et
488 1791 590 1816 virtute
614 1790 734 1816 nobiles.
772 1790 814 1815 38.
839 1789 973 1815 Cherusci
998 1791 1027 1815 et
1050 1789 1132 1822 Fosi,
1156 1796 1174 1815 a
1200 1789 1309 1816 Chattis
1328 1789 1405 1815 victi.
1442 1790 1484 1815 3⁷.
1504 1789 1679 1815 Cimbrorum
1699 1795 1787 1822 parva
1806 1788 1915 1819 civitas,

171 1831 266 1865 cloria
282 1832 392 1865 ingens.
435 1832 626 1858 Romanorum
644 1831 748 1858 clades.
779 1831 912 1857 Germani
932 1831 1096 1863 triumphati
1114 1831 1207 1863 magis
1227 1838 1311 1863 quam
1324 1831 1399 1856 victi.
1431 1832 1473 1856 38.
1493 1830 1647 1857 Sueborum
1659 1837 1801 1862 numerus,
1814 1836 1916 1855 mores.

172 1873 216 1899 89.
240 1871 409 1899 Semnonum
434 1873 552 1906 religio,
579 1873 709 1899 victimae
734 1873 880 1899 humanae.
923 1873 966 1898 40.
990 1872 1181 1905 Langobardi.
1219 1872 1367 1905 Reudigni.
1404 1872 1539 1898 Aviones.
1575 1872 1681 1905 Anglii.
1717 1871 1824 1897 Varini.
1861 1871 1915 1896 Eu-

173 1914 266 1940 doses.
315 1914 486 1941 Suardones.
526 1915 673 1941 Nuitones.
714 1913 837 1941 Nerthus
867 1913 958 1939 cultus
989 1914 1153 1938 communis.
1196 1914 1240 1938 41.
1270 1913 1467 1939 Hermunduri.
1511 1914 1553 1939 42.
1578 1913 1692 1939 Varisti.
1735 1912 1916 1939 Marcomani.

173 1955 272 1987 Quadi.
308 1957 352 1982 48.
370 1956 516 1989 Marsigni.
553 1956 656 1982 Cotini.
693 1955 753 1982 Osi.
788 1955 865 1980 Buri.
881 1947 1050 1987 'Lugiorum
1071 1954 1216 1986 civitates,
1234 1954 1330 1987 Harii,
1351 1955 1540 1987 Helvecones,
1559 1954 1687 1987 Manimi,
1707 1953 1803 1983 Elisii.
1821 1952 1915 1979 Naha-

173 1997 300 2030 narvali3
327 1997 426 2023 horum
454 2003 557 2023 numen
586 1997 673 2023 Alcis.
715 1996 848 2022 Gotones.
890 1995 983 2027 Rugii.
1027 1996 1163 2021 Lemovii.
1206 1997 1249 2020 44.
1268 1996 1400 2028 Suiones,
1431 1995 1570 2022 classibus
1598 1995 1733 2021 valentes.
1771 1995 1814 2020 45.
1838 2000 1916 2020 mare

174 2037 294 2070 pigrum.
330 2038 432 2070 Aestii,
458 2038 556 2064 Matris
580 2037 668 2064 Deum
693 2037 828 2069 cultores,
849 2036 976 2062 sucinum
995 2036 1099 2069 legunt.
1137 2036 1282 2063 Sitonibus
1307 2036 1411 2063 femina
1428 2037 1558 2070 imperat.
1595 2037 1638 2062 46.
1657 2035 1789 2068 Peucini,
1807 2035 1916 2067 Veneti,

173 2077 278 2111 renni,
296 2078 429 2107 Germani
447 2085 485 2105 an
503 2078 643 2105 sarmati?
680 2085 776 2105 eorum
795 2078 906 2109 feritas,
926 2079 1087 2110 paupertas.
1125 2078 1277 2104 Hominum
1295 2080 1436 2110 monstra,
1455 2078 1591 2110 Hellusii,
1610 2078 1737 2104 Etiones.

231 2236 259 2246 ‚-

246 2263 473 2304 „Germaniae
500 2266 572 2297 libri
600 2266 654 2306 qui
676 2268 849 2305 supersunt
869 2275 980 2296 omnes
1003 2274 1043 2296 ex
1070 2266 1257 2305 apographo
1279 2265 1414 2296 derivati
1436 2268 1524 2303 sunt,
1547 2266 1635 2306 quod
1655 2265 1790 2296 Henoch
1812 2265 1915 2296 Ascu-

139 2312 231 2344 lanus
251 2314 449 2353 temporibus
468 2313 594 2344 Nicolai
613 2314 642 2343 V
664 2312 783 2343 Pontif.
798 2313 882 2343 Max.
905 2312 1193 2352 conquirendorum
1221 2313 1367 2343 codicum
1388 2314 1492 2353 gratia
1518 2314 1552 2343 in
1574 2313 1710 2344 Galliam
1733 2314 1765 2343 et
1785 2313 1859 2343 inde
1881 2313 1914 2343 in

140 2358 340 2391 Germaniam
362 2359 526 2399 profectus
547 2360 581 2390 in
601 2359 796 2390 monasterio
818 2362 873 2390 aut
895 2359 1082 2390 corbeiensi
1109 2362 1164 2390 aut
1190 2360 1343 2391 Fuldensi
1365 2359 1511 2390 confecit.
1534 2359 1656 2398 codex,
1679 2369 1742 2399 quo
1764 2369 1840 2391 usus
1867 2363 1916 2391 est

139 2405 209 2444 ille,
235 2408 395 2438 vetustate
417 2407 463 2438 ita
484 2408 689 2446 consumptus
709 2406 785 2444 fuit,
807 2409 843 2437 ut
863 2407 1007 2446 plurimis
1028 2407 1108 2438 locis
1131 2407 1171 2438 de
1193 2416 1270 2438 vera
1290 2407 1428 2438 lectione
1451 2407 1619 2438 dubitaret.
1661 2408 1805 2446 proxime
1826 2407 1867 2438 ad
1883 2407 1915 2438 id

138 2453 358 2494 apographum
383 2455 522 2485 accessit
547 2454 628 2484 liber
654 2463 740 2485 nune
769 2454 843 2484 item
873 2454 1057 2494 deperditus
1085 2455 1175 2486 cuius
1202 2455 1323 2486 iactura
1351 2457 1576 2493 compensatur
1602 2454 1725 2485 duobus
1753 2454 1915 2486 codicibus

138 2499 214 2531 inde
234 2501 450 2541 transcriptis,
471 2502 626 2532 Vaticano
650 2503 729 2533 1862
751 2503 784 2532 et
804 2501 1017 2532 Perizoniano
1038 2501 1158 2532 Leidae
1180 2504 1360 2540 asservato,
1376 2510 1509 2541 quorum
1523 2502 1612 2541 prior
1633 2504 1667 2532 ut
1681 2502 1915 2533 accuratissime

138 2548 276 2587 scriptus
303 2557 443 2579 summae
470 2549 666 2579 auctoritatis
695 2548 791 2579 debet
812 2557 900 2586 esse,
922 2549 975 2579 hic
996 2549 1051 2588 qui
1077 2549 1182 2579 adhuc
1211 2549 1348 2588 optimus
1378 2550 1469 2580 testis
1497 2549 1625 2580 habitus
1653 2552 1702 2580 est
1728 2549 1915 2588 scripturam

138 2595 273 2634 praebet
292 2604 312 2627 a
326 2595 457 2627 Ioviano
479 2596 626 2627 Pontano
649 2606 690 2627 cx
710 2596 840 2627 arbitrio
864 2605 923 2626 suo
946 2598 1134 2627 correctam:
1163 2597 1302 2634 accedit,
1330 2596 1416 2635 quod
1443 2596 1527 2626 idem
1554 2596 1635 2627 liber
1662 2597 1775 2627 iterum
1802 2598 1915 2635 postea

138 2641 348 2682 interpolatus
363 2645 427 2680 est,
449 2645 484 2673 ut
504 2644 623 2674 maiore
647 2652 723 2674 cura
744 2651 838 2682 quam
859 2643 963 2674 adhuc
985 2643 1103 2674 factum
1126 2647 1174 2674 est
1197 2643 1427 2675 discernendae
1450 2644 1514 2672 sint
1535 2643 1679 2674 diversae
1700 2651 1813 2674 manus
1827 2643 1860 2672 in
1875 2651 1914 2673 eo

139 2689 340 2729 conspicuae.
381 2690 495 2729 reliqui
522 2690 594 2720 libri
622 2691 717 2720 etiam
739 2691 842 2730 magis
863 2690 1045 2730 interpolati
1069 2692 1156 2721 sunt:
1184 2700 1226 2721 ex
1247 2700 1379 2730 quorum
1402 2699 1533 2721 numero
1555 2693 1589 2720 ut
1611 2700 1682 2721 cum
1705 2691 1852 2721 cautione
1874 2690 1915 2720 ad

138 2736 361 2776 corrigendam
375 2737 521 2768 Vaticani
534 2737 619 2768 illius
634 2738 823 2777 scripturam
837 2737 1049 2768 adhibeantur
1063 2738 1221 2778 seligendi
1236 2740 1309 2769 sunt
1319 2738 1492 2768 Vaticanus
1510 2739 1590 2768 1518
1606 2740 1638 2768 et
1652 2737 1912 2776 Neapolitanus.“

138 2783 487 2861 ΒΕΞΙΕΒΡΞῙΒΞΟἚΕἛ.
508 2784 659 2861 ὴῖοᾱὶῡεε
674 2785 846 2816 Vaticanos
864 2786 941 2815 1862
957 2787 989 2816 et
1013 2786 1092 2815 1518
1114 2785 1275 2816 nonnullis
1296 2785 1330 2815 in
1352 2785 1432 2815 locis
1448 2786 1626 2816 accuratius
1648 2785 1790 2824 inspexit
1805 2786 1915 2815 nostra

139 2838 198 2869 gra
214 2830 221 2838 ‘
294 2852 302 2861 .
355 2852 364 2861 .
416 2837 435 2853 ¹·-
482 2833 505 2861 ἃ
543 2853 551 2861 .

179 2877 294 2909 Notae.
345 2878 375 2908 A
401 2891 432 2904 =
458 2878 562 2910 codex
582 2879 755 2910 Vaticanus
780 2880 871 2911 1862.

177 2947 179 2950 <
345 2925 372 2956 B
402 2937 434 2951 =
459 2926 564 2957 codex
584 2926 824 2957 Perizonianus.

406 2985 437 2998 =
463 2973 568 3004 codex
587 2974 763 3004 Vaticanus
787 2974 875 3004 1518.

405 3033 436 3045 =
462 3020 566 3052 codex
586 3021 816 3060 Neapolitanus
837 3019 938 3058 (cuius
962 3018 1001 3049 de
1024 3018 1182 3057 scriptura
1202 3018 1304 3049 rarius
1326 3018 1478 3050 faciemus
1500 3018 1717 3056 mentionem).

247 3061 518 3098 CORNELIUS.
554 3065 753 3098 TACITUS.
787 3063 854 3097 DE-
880 3062 1075 3096 ORIGINE
1091 3062 1155 3095 ΕΤ
1167 3062 1271 3095 SITU
1286 3062 1545 3096 GERMANOR
1555 3062 1616 3095 VM
1632 3063 1672 3095 A.
1686 3082 1722 3087 —
1741 3061 1776 3094 C.
1803 3060 1913 3094 COR-

141 3106 283 3143 NELII.
335 3109 494 3144 TACITI.
544 3111 612 3144 DE
647 3110 844 3145 ORIGINE
875 3109 938 3142 ET
972 3108 1077 3141 SITU
1109 3108 1435 3142 GERMANORUM
1471 3109 1507 3143 C'.
1541 3129 1576 3134 —
1613 3109 1648 3142 C.
1682 3107 1913 3142 CORNELII.

143 3155 303 3190 TACITI.
342 3157 411 3191 DE
436 3158 632 3191 ORIGINE
655 3158 718 3191 ET
738 3157 841 3191 SITU
864 3155 1146 3190 GERMANIAE
1174 3155 1320 3189 LIBER
1348 3156 1520 3189 INCIPIT
1551 3156 1592 3188 D.
1617 3175 1653 3180 —
1681 3154 1912 3188 CORNELII.

144 3201 306 3237 TACITI.
329 3203 396 3237 DE
421 3204 628 3239 ORIGINE.
651 3205 762 3239 SITU.
784 3203 989 3238 MORIBUS
1005 3202 1070 3236 Ac
1088 3202 1286 3235 POPULIS.
1312 3202 1637 3236 GERMANORUM
1660 3201 1814 3234 LIBER.
1843 3199 1911 3232 IN-

143 3247 328 3330 gfflzqulri
364 3254 596 3287 Reifferscheid
616 3258 708 3287 acute
729 3255 866 3295 probare
888 3253 995 3285 studet
1021 3252 1104 3283 tituli
1125 3253 1257 3292 primam
1279 3252 1411 3283 formam
1433 3252 1545 3283 fuisse:
1574 3248 1643 3282 DE
1665 3248 1769 3281 SITU
1791 3246 1907 3282 GER-

178 3351 291 3379 'l'acitus
304 3353 339 3379 11.
1544 3344 1557 3374 ¹
