2176 3672
824 270 997 313 LIBER
1025 271 1057 313 Ι.
1118 271 1219 326 Cap.
1253 272 1290 314 1.
1860 273 1945 316 225

175 397 340 429 omnem
367 384 602 440 potentiam
639 384 697 427 ad
723 397 855 437 unum
885 384 1067 428 conferri
1095 387 1214 440 pacis
1245 386 1459 439 interfuit,
1489 399 1645 440 magna
1674 386 1750 429 illa
1777 387 1947 440 ingenia

175 476 374 518 cessere}
390 464 531 509 -simul'
550 465 712 509 ⁴veritas
743 464 936 519 pluribus
965 466 1105 508 modis
1134 465 1329 520 infracta,
1359 467 1542 520 primum
1572 467 1742 510 inscitia
1771 467 1833 509 rei
1866 481 1944 521 pu-

174 543 311 589 blicae
329 547 380 588 ut
398 545 573 599 alienae,
602 558 700 587 mox
719 545 895 588 libidine
914 546 1169 588 adsentandi
1191 549 1267 588 aut
1289 559 1438 589 rursus
1461 547 1560 589 odio
1584 547 1789 590 adversus
1810 547 1945 589 domi-

173 609 345 668 nantes:
387 626 451 668 ita
487 626 652 668 neutris
691 637 794 668 cura
831 626 1100 680 posteritatis
1130 627 1242 668 inter
1271 625 1458 669 infensos
1501 626 1569 669 vel
1612 626 1826 669 obnoxios.
1871 627 1946 669 sed

173 704 443 749 ambitionem
473 706 695 760 scriptoris
724 705 850 748 facile
879 707 1101 759 averseris,
1125 706 1379 749 obtrectatio
1401 710 1444 750 et
1470 706 1580 749 livor
1602 707 1748 760 pronis
1771 706 1945 749 auribus
1959 720 1978 750 5

111 792 113 794 ’
134 848 138 850 ῃ
172 786 459 840 accipiuntur:
507 786 667 841 quippe
713 785 951 829 adulationi
1004 785 1176 829 foedum
1218 787 1374 830 crimen
1415 787 1649 840 servitutis,
1688 786 1946 840 malignitati

64 847 143 917 s}
169 862 283 909 falsa
321 866 483 922 species
520 865 733 910 libertatis
771 867 893 909 inest.
935 866 1039 909 mihi
1069 866 1207 909 Galba
1236 867 1350 909 Otho
1387 866 1586 910 Vitellius
1627 879 1704 909 nec
1744 864 1945 909 beneficio

169 957 247 990 nec
274 946 431 990 iniuria
460 947 631 1001 cogniti.
662 947 915 1000 dignitatem
943 950 1134 989 nostram
1164 959 1191 989 a
1218 947 1485 1001 Vespasiano
1515 946 1770 999 inchoatam,
1795 960 1822 989 a
1847 946 1946 989 Tito

170 1029 354 1081 auctam,
376 1039 403 1070 a
423 1027 667 1070 Domitiano
696 1026 865 1081 longius
894 1029 1141 1081 provectam
1169 1039 1253 1069 non
1282 1026 1520 1070 abnuerim:
1552 1027 1629 1069 sed
1657 1027 1947 1080 incorruptam

984 1178 1004 1208 5
1028 1176 1192 1208 averseris
1215 1175 1374 1207 Piohena:
1397 1176 1580 1207 adum-seris
1653 1176 1741 1207 libor
1820 1178 1839 1207 6
1865 1176 1944 1216 fedfi

262 1178 280 1208 1
304 1180 501 1217 potestatem
524 1177 598 1209 dett.
671 1180 692 1210 4
718 1163 774 1210 Ιηῖ
795 1178 904 1210 tensos

172 1222 192 1254 '1
215 1222 315 1254 michi

169 1369 265 1399 quam
287 1359 444 1401 bellatum]
482 1370 527 1392 sc.
554 1363 604 1392 est
627 1361 668 1392 cf.
692 1361 733 1391 Α.
759 1361 926 1399 Draeyer:
949 1359 1032 1400 Syn·
1071 1353 1160 1392 αὐτοὶ
1194 1355 1348 1401 γράψασι
1379 1360 1449 1396 τοῖς
1471 1368 1510 1391 τε
1534 1354 1758 1402 ὑπομνήμασι
1790 1361 1862 1396 τοῖς
1885 1360 1944 1401 δη-

168 1419 225 1448 tax
242 1427 274 1449 u.
289 1417 354 1449 Stil
369 1417 427 1449 des
444 1417 590 1457 Tacitus,
614 1417 755 1456 Leipzig
773 1418 871 1455 1882,
897 1417 917 1457 ξ
932 1418 986 1456 36,
1003 1426 1032 1447 a.
1069 1413 1198 1457 μοσίοις
1221 1412 1343 1456 τρόπον
1366 1411 1439 1448 τινὰ
1465 1411 1662 1457 εὑρίσκετο·
1688 1412 1727 1448 ἐκ
1751 1412 1790 1449 δὲ
1815 1413 1860 1457 δὴ
1886 1414 1945 1448 τοῦ

166 1489 213 1497 -
235 1473 425 1515 potentiam]
458 1474 500 1505 de
523 1474 630 1505 Taciti
662 1483 725 1504 usu
755 1484 813 1505 vv.
830 1474 977 1513 potentia
1001 1477 1034 1505 et
1068 1469 1188 1515 χρόνου
1223 1469 1350 1505 ἐκείνου
1382 1468 1425 1504 τὰ
1451 1468 1510 1514 μὲν
1534 1470 1640 1505 πλείω
1674 1469 1791 1515 κρύφα
1815 1470 1875 1505 καὶ
1899 1468 1943 1506 δι’

159 1533 304 1570 potestas
328 1531 370 1562 cf.
393 1532 480 1562 Anu.
507 1532 539 1570 3,
566 1531 626 1562 69:
662 1531 742 1562 satis
766 1540 894 1562 onerum
910 1531 1034 1571 princi-
1069 1524 1270 1570 ἀπορρήτων
1295 1526 1474 1571 γίγνεσθαι
1497 1522 1635 1570 ἤρξατο.
1659 1548 1704 1553 -
1738 1530 1821 1560 inter
1843 1529 1943 1569 infin·

158 1586 275 1627 pibus,
305 1588 386 1619 eatis
416 1586 511 1618 etiam
538 1588 781 1627 potentiae.
826 1588 927 1619 minui
947 1588 1032 1627 iura,
1069 1595 1121 1617 sos
1152 1586 1202 1617 vel
1233 1586 1397 1626 obnoxios]
1435 1586 1468 1616 h.
1488 1596 1516 1618 e.
1543 1586 1658 1618 alteris
1693 1587 1770 1618 odio
1785 1610 1793 1626 ,
1830 1586 1943 1618 alteris

166 1644 307 1684 φιοῆοηε
344 1645 461 1684 gliscat
492 1650 707 1685 potestas.
757 1645 846 1676 Dial.
872 1647 913 1678 5:
952 1646 1036 1676 velut
1069 1643 1262 1675 adulatione
1288 1644 1462 1684 corruptis.
1505 1644 1546 1675 de
1578 1644 1643 1676 hoe
1676 1653 1739 1675 usu
1774 1644 1943 1684 praeposi-

164 1701 306 1740 quadam
321 1706 478 1742 perpetua
494 1703 640 1742 potentia
657 1713 697 1734 ac
712 1707 869 1743 potestate
885 1704 1033 1734 munitus.
1070 1701 1171 1731 tionis
1194 1700 1277 1731 inter
1301 1701 1342 1731 cf.
1368 1700 1608 1740 Naegelsbach:
1639 1701 1853 1732 Lateinische
1877 1700 1942 1732 Sti-

0 1759 27 1786 a·
164 1758 253 1790 Anu.
279 1761 310 1797 1,
337 1761 376 1791 1:
401 1758 531 1799 Pompei
553 1758 723 1799 orassique
739 1761 950 1800 potentia
973 1761 1034 1792 cito
1049 1750 1053 1754 ⁴
1069 1757 1165 1789 listik
1197 1758 1216 1798 ξ
1246 1759 1320 1789 124.
1347 1760 1377 1790 6.
1426 1759 1572 1798 Draeyer
1595 1758 1724 1799 Syntax
1748 1762 1803 1789 etc.
1835 1759 1856 1799 ξ
1879 1759 1941 1799 85;

164 1815 200 1847 ia
222 1813 411 1855 Gaesarem,
445 1817 566 1857 Lepidi
592 1822 687 1856 atque
710 1818 847 1848 Antonii
875 1828 968 1848 arma
1000 1818 1034 1848 in
1069 1815 1162 1846 locos
1195 1814 1237 1845 ab
1272 1815 1401 1847 Heraea
1437 1817 1607 1848 collectos.
1645 1834 1689 1839 —
1728 1814 1940 1857 ambitionem]

164 1873 340 1913 Auyustwm
356 1883 485 1905 cessere.
505 1891 551 1897 --
574 1879 609 1905 ut
624 1874 758 1916 alienae]
783 1876 866 1907 Cum
883 1876 1034 1906 homines
1070 1871 1351 1911 ,‚Gunstbulderei,
1388 1872 1526 1904 nimium
1550 1873 1707 1912 placendi
1731 1873 1941 1913 principibus

165 1940 260 1962 suam
290 1937 360 1963 nm
391 1930 562 1972 publicam
594 1941 662 1962 non
694 1932 792 1963 aliter
825 1935 883 1963 aut
914 1932 1032 1963 melius
1068 1929 1214 1960 studium
1251 1930 1349 1961 facile
1374 1940 1448 1961 cum
1473 1930 1693 1970 despicientia
1715 1930 1871 1962 reicias.“
1896 1948 1940 1954 -—

165 1990 302 2019 nossent
325 1997 423 2028 quam
447 1988 589 2019 alienam
623 1988 679 2031 (ad
703 1989 794 2029 ipsos
818 1989 907 2020 haud
931 1989 1032 2029 perti—
1067 1987 1235 2027 averseris]
1262 1991 1299 2018 ut
1316 1990 1348 2026 3,
1366 1988 1409 2018 25
1433 1996 1509 2017 neve
1526 1997 1558 2017 se
1573 1991 1608 2018 ut
1625 1987 1832 2027 pan-icidam
1847 1997 1939 2018 aver-

166 2042 334 2088 nentem),
370 2049 547 2085 propterea
580 2046 670 2085 quod
704 2046 774 2076 eius
798 2046 958 2078 incuriosi
983 2056 1032 2077 es·
1067 2048 1224 2074 narentur.
1263 2044 1343 2075 item
1368 2045 1505 2076 confusa
1541 2045 1693 2076 videmus
1727 2044 1878 2076 avenam·
1907 2048 1940 2076 et

166 2105 252 2141 sent,
275 2111 351 2133 cum
374 2102 417 2133 ad
441 2112 513 2134 eam
535 2103 674 2142 propius
694 2102 850 2134 accedere
875 2112 942 2133 non
966 2103 1032 2133 iam
1066 2101 1239 2132 adversari
1270 2101 1357 2132 infra
1384 2103 1400 2132 l
1416 2124 1424 2140 ,
1452 2102 1505 2133 38.
1531 2103 1574 2141 4,
1601 2103 1655 2133 84.
1694 2101 1736 2133 cf.
1761 2101 1883 2133 Gerber
1906 2105 1939 2134 et

165 2159 301 2199 ficeret,
346 2159 405 2190 sed
437 2159 536 2190 unius
567 2160 678 2190 omnia
710 2162 792 2190 nutu
825 2159 1031 2199 arbitrioque
1068 2157 1186 2198 Greef:
1218 2158 1368 2189 Lexicon
1403 2157 1585 2189 Taciteum.
1610 2175 1654 2182 —-
1690 2157 1876 2190 obtrectatio
1909 2164 1939 2190 et

164 2219 367 2255 gererentur.
414 2216 502 2248 Ean.
527 2216 588 2246 Rea
605 2216 740 2255 publica
763 2219 873 2247 autem
898 2226 937 2247 ea
956 2226 1030 2248 cum
1066 2215 1158 2256 livor]
1183 2215 1252 2246 Cic.
1276 2216 1399 2246 Brutus
1424 2216 1444 2255 9'
1472 2216 1535 2246 156
1560 2219 1683 2246 tantum
1706 2217 1794 2248 abeat
1817 2216 1859 2248 ab
1883 2217 1936 2248 ob-

165 2272 221 2312 sit,
244 2282 329 2312 quae
353 2276 548 2304 cunctorum
573 2273 695 2304 civium
719 2282 824 2312 aeque
847 2274 1030 2304 communis
1065 2272 1251 2303 tractatione
1274 2276 1304 2302 et
1326 2272 1460 2303 invidia.
1488 2291 1530 2296 -
1556 2273 1674 2313 pronis
1696 2273 1828 2304 auo-azae
1852 2275 1937 2305 acci-

164 2333 215 2362 est
236 2333 336 2369 atque
360 2339 490 2370 semper
514 2339 586 2361 esse
610 2330 730 2369 debet,
754 2334 844 2362 recte
867 2339 946 2361 sane
971 2340 1029 2371 op·
1059 2327 1206 2372 piantur]
1234 2339 1262 2360 c.
1281 2331 1324 2361 54
1350 2329 1466 2368 pronis
1488 2329 1621 2360 militum
1645 2330 1777 2362 cambus
1801 2331 1937 2372 aectpt'e-

162 2387 300 2428 ponitur
321 2387 464 2425 alienae,
500 2386 536 2417 id
559 2391 627 2427 est,
664 2387 712 2427 ei,
749 2397 847 2427 quam
872 2397 968 2419 nemo
993 2391 1030 2419 ut
1064 2386 1188 2419 bantur.
1215 2386 1334 2417 similis
1352 2389 1403 2417 est
1422 2386 1587 2418 sententia
1608 2387 1685 2418 dial.
1701 2389 1764 2419 40:
1787 2388 1863 2428 ipsa
1875 2388 1935 2420 ὑπ’·

163 2454 254 2476 mum
287 2447 391 2476 curat.
439 2445 490 2476 Cf.
514 2446 556 2483 4,
581 2445 642 2477 38:
676 2444 786 2483 milyas
811 2462 855 2468 -
878 2462 942 2484 —,
978 2446 1032 2476 cui
1063 2443 1256 2475 micitiarum
1270 2443 1385 2482 ‚olm-ia,
1404 2453 1474 2474 cum
1490 2466 1520 2475 ..
1535 2469 1542 2476 .
1561 2443 1609 2475 ad
1621 2443 1824 2477 incessendos
1840 2446 1935 2486 prim

161 2511 229 2533 una
249 2511 289 2533 ex
310 2511 346 2532 re
363 2501 497 2541 publica
517 2511 664 2532 annonae
688 2511 777 2532 eura.
825 2502 911 2533 Vide
929 2502 1028 2533 etiam

163 2559 229 2591 Dio
265 2560 330 2598 63,
361 2561 412 2592 19.
447 2559 490 2590 ad
521 2569 550 2590 a.
577 2569 607 2590 u.
645 2560 744 2599 727„
785 2567 850 2598 quo
883 2559 1029 2598 Augusti

164 2625 347 2656 cognomen
377 2615 562 2650 Octaviano
597 2616 760 2647 tributum
794 2618 860 2647 est:
895 2610 943 2648 ‘H
969 2612 1028 2658 μὲν

163 2665 220 2708 οὖν
249 2671 400 2707 πολιτεία
433 2666 523 2705 οὕτω
555 2669 634 2706 τότε
667 2669 753 2714 πρός
774 2683 813 2706 τε
836 2670 874 2706 τὸ
902 2672 1028 2718 βέλτιον

163 2727 222 2764 καὶ
244 2727 329 2772 πρὸς
352 2726 391 2764 τὸ
418 2727 736 2772 σωτηριωδέστερον
762 2728 1026 2773 μετεκοσμήὓη·

163 2784 223 2821 καὶ
255 2783 322 2829 γοίρ
354 2797 417 2821 που
453 2784 512 2819 καὶ
543 2785 752 2821 παντάπασιν
787 2782 953 2821 α’δύνατον
985 2778 1027 2828 ἦν

164 2841 500 2886 δημοκρατουμένους
527 2837 651 2881 αὗτοῦς
676 2842 842 2885 σωθῆναι.
890 2841 929 2877 ού
954 2843 1027 2886 μέν·

163 2907 214 2934 τοι
243 2897 302 2934 καὶ
325 2895 453 2943 ὁμοίως
480 2903 550 2938 τοῖς
571 2898 719 2942 πρόσθεν
743 2898 784 2934 τὰ
811 2898 898 2943 μετὰ
921 2900 1028 2934 ταῦτα

165 2954 353 3000 πραχθέντα
386 2955 548 3001 λεχθῆναι
581 2955 738 2991 δύναται·
774 2954 933 3000 πρότερον
968 2954 1027 3000 μὲν

165 3006 231 3053 γὰρ
261 3009 298 3051 lc
330 3023 368 3046 τε.
402 3010 465 3055 τήν
503 3011 626 3057 βουλήν
661 3013 720 3047 καὶ
756 3011 791 3052 ἐς
824 3011 881 3059 τὸν
915 3012 1025 3055 δῆμον

166 3062 291 3108 πάντα,
324 3067 384 3103 καὶ
408 3068 438 3103 εἰ
459 3067 575 3112 πόρρω
602 3081 665 3104 που
699 3069 870 3115 συμβαίη,
907 3068 1024 3112 ἐσεφέ-

168 3131 260 3165 ρετο·
294 3123 351 3159 καὶ
381 3125 439 3161 διὰ
471 3127 570 3161 τοῦτο
601 3125 723 3166 πάντες
746 3137 783 3161 τε
808 3122 895 3160 αὐτὰ
928 3123 1024 3168 ἐμάν-

167 3178 264 3213 θανον
286 3179 344 3215 καὶ
365 3182 477 3218 πολλοὶ
502 3183 719 3228 συνέγραφον,
744 3179 813 3218 κάκ
828 3182 946 3218 τούτου
968 3181 1025 3216 καὶ

165 3231 192 3278 η’
215 3231 361 3279 darium
388 3234 519 3279 αὐτῶν,
557 3239 587 3275 εἰ
619 3239 678 3274 καὶ
711 3239 754 3275 τὰ
788 3238 936 3284 μάλιστα
967 3238 1026 3273 καὶ

1064 2502 1148 2541 cipes
1171 2501 1269 2540 viros,
1293 2505 1329 2532 ut
1350 2504 1396 2531 est
1418 2505 1539 2532 natura
1561 2501 1712 2541 invidiae,
1730 2504 1849 2543 populi
1870 2525 1879 2534 .
1898 2526 1907 2534 .
1924 2536 1931 2544 ,

1064 2559 1196 2590 auribus
1218 2562 1387 2590 uteremur.
1413 2576 1454 2582 —
1478 2569 1502 2589 a
1524 2557 1720 2599 Vespasiano
1737 2558 1931 2600 inchoatam]

1066 2617 1107 2648 de
1129 2615 1398 2656 magistratibus,
1434 2625 1517 2655 quos
1542 2617 1677 2648 Tacitus
1701 2621 1777 2649 ante
1801 2622 1933 2658 praetu-

1064 2683 1135 2704 ram
1151 2674 1264 2714 gessit,
1290 2673 1375 2704 nihil
1401 2673 1482 2704 certi
1508 2677 1648 2704 constat.
1681 2678 1826 2706 ceterum
1842 2680 1932 2708 recte

1064 2731 1193 2770 Lipsius
1226 2731 1421 2770 intellegere
1456 2730 1589 2761 videtur
1628 2730 1823 2771 dignitatem
1860 2734 1932 2765 eius

1064 2787 1252 2819 inchoatam
1268 2797 1287 2818 a
1304 2787 1522 2828 Vespasiano,
1547 2787 1636 2826 quod
1659 2787 1701 2819 ab
1719 2797 1757 2819 eo
1775 2793 1932 2829 quaestor

1063 2847 1260 2884 senatorque
1292 2844 1399 2875 factus
1430 2848 1526 2875 esset.
1565 2845 1607 2876 cf.
1635 2854 1719 2884 quae
1744 2845 1785 2877 de
1808 2847 1870 2878 hac
1895 2858 1930 2879 re

1063 2901 1274 2941 disputarunt
1308 2900 1401 2931 Frid.
1427 2901 1541 2932 Haase
1579 2904 1613 2933 et
1645 2899 1719 2932 Car.
1746 2902 1930 2944 Nipperdey

1062 2958 1096 2988 in
1121 2957 1476 2996 commentationibus,
1512 2967 1595 2997 quas
1624 2958 1828 2992 editionibus
1860 2962 1930 2993 suis

1062 3014 1301 3054 praemiserunt
1317 3018 1350 3045 et
1359 3014 1396 3044 L.
1411 3013 1554 3045 Urlichs:
1570 3014 1611 3046 de
1622 3015 1693 3046 vita
1703 3018 1736 3047 et
1746 3015 1929 3049 honoribus

1061 3070 1180 3101 Taciti.
1203 3070 1415 3110 wirceburgi
1443 3071 1541 3102 1879.
1566 3089 1609 3095 —
1643 3082 1667 3103 a
1694 3073 1765 3104 Tito
1787 3075 1928 3116 auctam]

1062 3127 1103 3157 ad
1120 3126 1324 3158 tribunatum
1348 3127 1456 3167 plebis
1472 3128 1527 3159 vel
1544 3128 1747 3160 aedilitatem
1761 3131 1927 3170 pertinere

1061 3183 1202 3214 videtur.
1228 3201 1273 3207 —
1306 3194 1330 3214 a
1359 3185 1545 3216 Domitiano
1577 3186 1700 3225 lonqim
1726 3186 1926 3232 provectam]

1061 3240 1124 3271 hoe
1147 3241 1219 3280 ipse
1242 3241 1389 3281 apertius
1413 3241 1496 3273 dicit
1520 3242 1606 3274 Ann-
1633 3245 1687 3283 11,
1714 3245 1777 3275 11:
1800 3255 1876 3275 nam
1898 3246 1927 3276 is

165 3289 265 3336 φόβῳ
295 3291 367 3329 τινὰ
399 3294 458 3330 καὶ
486 3295 598 3341 χάριτι
629 3295 725 3342 φιλίᾳ
758 3308 796 3331 τε
828 3295 886 3331 καὶ
918 3294 1025 3341 ἔχθρᾳ
1061 3305 1180 3335 quoque
1196 3296 1254 3339 (sc.
1273 3297 1497 3339 Domitianus)
1521 3299 1621 3331 edidit
1635 3300 1727 3332 ludos
1744 3302 1926 3333 samam-es

164 3346 250 3381 τισὶν
273 3346 414 3393 ἐρρέθη,
444 3351 534 3396 παρὰ
558 3353 636 3397 γοῦν
662 3356 731 3392 τοῖς
755 3349 866 3391 ἄλλοις
890 3355 959 3390 τοῖς
983 3350 1024 3385 τὰ
1040 3358 1043 3392 1
1060 3352 1166 3391 hisque
1184 3354 1331 3385 intentius
1354 3355 1437 3394 affui
1458 3356 1636 3388 sacerdotio
1652 3357 1929 3396 quiruleeimvfrali

1573 3412 1653 3452 15*
