2176 3672
640 258 813 302 LIBER
842 258 914 303 1v.
974 261 1074 315 Gap.
1104 262 1171 306 36.
1203 262 1270 306 37.
1302 263 1370 307 38.
1399 257 1467 308 39.
1845 264 1929 308 489

162 383 290 416 naves
320 373 499 415 saevitia
539 372 690 416 hiemis
728 372 1078 427 prohibebantur,
1122 377 1269 430 volgus
1309 379 1510 423 alimenta
1550 380 1593 423 in
1633 381 1723 423 (lies
1753 380 1930 423 mercari

161 452 350 506 solitum,
380 454 447 496 cui
476 465 564 496 uua
583 465 633 496 ex
653 466 701 496 re
721 453 892 507 publica
911 465 1103 497 annonae
1124 467 1237 508 cura,
1267 456 1456 500 clausum
1477 457 1592 511 litus,
1624 459 1798 502 retineri
1819 471 1931 502 com·

161 535 342 589 meatus,
371 533 480 577 dum.
493 532 627 584 timet,
657 532 871 584 credebat,
902 532 1154 585 augentibus
1184 534 1339 578 famam
1361 535 1613 590 Vitellianis,
1643 539 1715 592 qui
1744 539 1932 582 studium

160 612 346 666 partium
366 613 552 655 nondum
572 616 818 665 posuerant,
848 625 901 654 ne
922 612 1151 656 victoribus
1176 615 1343 668 quidem
1365 616 1532 670 ingrato
1552 630 1735 670 rumore,
1756 631 1931 672 quorum

161 691 418 746 cupiditates
435 693 621 736 externis
637 705 802 747 quoque
823 691 947 735 bellis
967 693 1242 747 inexplebiles
1263 695 1377 738 nulla
1394 709 1589 752 umquam
1608 697 1744 741 civilis
1756 698 1933 741 victoria
1946 710 1966 740 ⁶

162 771 351 815 satiavit.
383 771 473 826 (39)
503 772 707 815 Kalendis
727 772 937 814 Ianuariis
958 772 1000 814 in
1022 777 1184 825 senatu,
1215 787 1337 829 quem
1358 775 1493 818 Iulius
1514 777 1743 820 Frontinus
1762 783 1934 831 praetor

160 851 350 895 urbanus
379 856 617 905 vocaverat,
657 852 811 905 legatis
852 852 1187 907 exercitibusque
1228 867 1277 897 ac
1317 855 1487 909 regibus
1528 856 1676 899 laudes
1706 862 1933 912 gratesque

162 931 378 984 decretae3
410 936 455 975 et
476 932 617 975 Tettio
640 931 805 974 Iuliano
834 935 1050 986 praetura,
1080 936 1280 987 tanquam
1311 915 1693 988 transgredientem
1724 937 1767 979 in
1787 942 1933 991 partes

161 1011 418 1066 Vespasiani
439 1010 643 1066 legionem
667 1010 941 1063 deseruisset,
963 1010 1117 1063 ablata,
1134 1015 1182 1053 ut
1202 1012 1245 1054 in
1261 1011 1445 1055 Plotium
1460 1013 1666 1066 Griphum
1683 1016 1932 1060 transferre·

162 1095 256 1144 tur;
277 1091 439 1134 Hormo
456 1091 644 1145 dignitas
663 1090 874 1144 equestris
890 1090 1002 1132 data.
1027 1094 1070 1133 et
1087 1103 1183 1133 mox
1199 1092 1389 1135 eiurante
1402 1092 1605 1136 Frontino
1621 1094 1777 1138 Caesar
1789 1095 1934 1139 Domi·
1949 1111 1990 1140 10

162 1171 308 1214 tianus
325 1175 572 1225 praeturam
594 1171 719 1224 cepit.
751 1170 843 1213 eius
863 1183 1014 1213 nomen
1037 1172 1230 1224 epistulis
1252 1172 1485 1226 edictisque
1499 1175 1849 1227 praeponebatur,
1870 1177 1934 1220 vis

163 1263 294 1306 penes
323 1251 564 1294 Mucianum
585 1254 692 1303 erat,
713 1250 796 1292 nisi
815 1251 930 1304 quod
950 1250 1152 1305 pleraque
1172 1251 1440 1295 Domitianus
1461 1253 1762 1307 instigantibus
1788 1256 1934 1299 amicis

163 1334 241 1374 aut
267 1332 442 1385 propria
469 1330 645 1374 libidine
673 1330 871 1373 audebat.
931 1331 1006 1373 sed
1046 1332 1298 1384 praecipuus
1338 1332 1533 1375 Muciano
1572 1338 1711 1377 metus
1740 1348 1764 1378 e
1792 1334 1933 1378 Primo

162 1411 349 1455 Antonio
379 1410 578 1466 Varoque
600 1411 738 1463 Arrio,
768 1423 875 1465 quos
907 1420 1099 1454 recentes
1120 1411 1341 1466 clarosque
1370 1425 1511 1455 rerum
1541 1412 1655 1455 fama
1683 1426 1732 1457 ac
1752 1414 1933 1458 militum

165 1490 320 1534 studiis
350 1491 478 1534 etiam
511 1490 694 1545 populus
724 1489 908 1545 fovebat,
939 1492 1040 1545 quia
1069 1492 1111 1533 in
1142 1492 1349 1534 neminem
1379 1492 1491 1534 ultra
1521 1494 1652 1536 aciem
1683 1495 1933 1537 saevierant.
1949 1508 1990 1537 15

163 1573 209 1614 et
234 1569 456 1614 ferebatur
484 1570 698 1613 Antonius
729 1570 1052 1614 Scribonianum
1083 1570 1282 1614 Crassum
1313 1571 1494 1625 egregiis
1523 1572 1754 1616 maioribus
1784 1579 1828 1617 et
1847 1573 1933 1617 fra-

163 1655 288 1696 terna
315 1651 501 1707 imagine
530 1650 761 1706 fulgentem
791 1652 847 1694 ad
878 1653 1181 1705 capessendam
1212 1664 1300 1695 rem
1330 1651 1540 1705 publicam
1572 1652 1780 1706 hortatus,
1821 1653 1935 1696 haud

164 1729 365 1775 defutura
411 1731 674 1776 consciorum
724 1744 874 1786 manu,
935 1732 979 1774 ni
1029 1731 1327 1775 Scribonianus
1376 1731 1616 1784 abnuisset,
1663 1746 1716 1776 ne
1773 1734 1935 1787 paratis

164 1811 332 1866 quidem
377 1812 589 1866 corrumpi
620 1811 771 1864 facilis,
812 1813 917 1855 adeo
958 1815 1152 1855 metuens
1180 1813 1352 1855 incerta„
1402 1812 1532 1865 igitur
1563 1811 1797 1866 Mucianus,
1836 1813 1935 1866 quia

163 1892 384 1947 propalam
414 1893 596 1946 opprimi
627 1892 836 1935 Antonius
865 1892 1078 1946 nequibat,
1118 1892 1261 1934 multis
1297 1894 1338 1934 in
1374 1897 1525 1935 senatu
1560 1891 1755 1934 laudibus
1793 1904 1934 1934 cumu-
1949 1903 1991 1933 20

163 1971 297 2014 latum
326 1974 504 2016 secretis
528 1972 747 2026 promissis
777 1976 938 2025 onerat,
970 1972 1207 2015 citeriorem
1228 1972 1477 2025 Hispaniam
1507 1975 1725 2014 ostentans
1747 1970 1934 2013 discessu

307 2146 321 2174 1
349 2144 466 2175 seuitia
549 2146 568 2175 2
592 2154 627 2175 re
643 2143 788 2185 publica]
813 2154 869 2183 rep
952 2143 1008 2187 2]ss
1035 2146 1200 2175 c6meat1'1s
1223 2144 1343 2184 (notam
1358 2153 1452 2182 supe-r
1474 2153 1495 2173 u
1519 2142 1581 2174 dd.
1602 2142 1674 2185 lm.)
1755 2145 1776 2174 4
1800 2152 1841 2173 ne
1865 2143 1933 2174 Iac.

169 2189 368 2221 oronnam.-
384 2188 456 2232 nee!
550 2192 570 2221 5
597 2191 688 2221 nuni
704 2191 825 2232 (notam
842 2190 901 2221 dd.
923 2189 998 2226 lm.)
1094 2192 1113 2219 8
1140 2191 1267 2220 decrete
1358 2189 1466 2220 Tettio
1484 2188 1603 2219 Orelli:
1624 2189 1683 2219 tito
1779 2190 1819 2219 10
1843 2198 1934 2219 cesar

166 2237 208 2266 11
234 2236 320 2276 cepit
419 2236 504 2275 eplis
528 2246 597 2267 oum
621 2237 674 2266 lin.
701 2237 736 2267 in
758 2236 818 2268 liu.
843 2238 853 2266 l
966 2238 1006 2267 12
1044 2237 1196 2266 muciam-1
1219 2245 1300 2266 corr.
1327 2245 1365 2265 επ
1389 2235 1528 2275 mucian3
1554 2237 1615 2265 lm.
1728 2235 1766 2263 13
1802 2235 1934 2272 propria

168 2289 253 2313 cm.
277 2290 316 2312 eoe
339 2281 472 2321 probris
497 2284 557 2312 lm.
679 2283 720 2313 15
744 2282 910 2313 seuierant
1029 2284 1068 2312 16
1094 2281 1285 2320 maiorib3q3
1311 2279 1363 2322 (q3
1391 2281 1451 2311 del.
1478 2280 1555 2319 lm.)
1578 2279 1735 2322 (moribus
1758 2279 1933 2318 Botticher3

165 2326 311 2358 moribus
335 2327 578 2367 maioribusque
594 2328 705 2364 Rider,
722 2328 846 2359 artibus
863 2328 1104 2366 maioribusque
1122 2327 1245 2368 Haase)
1320 2329 1355 2357 17
1383 2327 1460 2365 rep.
1534 2327 1573 2356 21
1602 2325 1736 2356 decessu
1752 2324 1934 2365 Nipperdey

165 2464 270 2497 cinae.
289 2482 332 2489 —
355 2475 422 2496 una
438 2483 481 2488 —
497 2475 644 2497 avmome
668 2463 760 2509 cura]
787 2466 832 2496 sic
857 2466 897 2496 de
912 2467 1032 2505 populo
1069 2464 1253 2504 maioribue]
1289 2466 1320 2502 3,
1346 2464 1364 2494 9
1398 2462 1569 2501 Vipstanus
1595 2461 1748 2492 Messalla
1767 2466 1931 2501 praeerat,

169 2521 316 2552 Romano
342 2522 511 2554 Iuvenalis
538 2525 590 2560 10,
616 2525 680 2555 802
714 2523 797 2553 duas
829 2527 950 2553 tantum
983 2531 1032 2552 res
1070 2521 1169 2552 elaris
1192 2519 1376 2555 maim-ibus,
1402 2519 1542 2557 eyreyim
1565 2518 1643 2557 ipse,
1682 2519 1766 2549 unde
1790 2519 1931 2549 conicias

166 2579 282 2609 aaziae
305 2583 395 2619 optat
418 2579 533 2610 Panem
556 2584 586 2610 et
607 2581 770 2612 circenses.
796 2580 885 2610 Lms.
1073 2579 1123 2609 hic
1147 2587 1276 2617 quoque
1309 2575 1514 2607 scribendum
1551 2583 1622 2604 esse
1651 2575 1806 2614 eqreqium
1828 2575 1931 2615 ipsum

214 2636 268 2669 39.
300 2634 489 2680 Minus]
526 2642 574 2672 eet
596 2637 680 2668 idem
705 2638 780 2668 Sex.
806 2637 909 2667 Iulius
934 2637 1034 2666 Fron·
1070 2634 1302 2673 maioribusque
1338 2637 1366 2664 et
1394 2631 1550 2670 fraterna
1579 2630 1715 2669 imaoine
1740 2631 1929 2671 fulgentem.

166 2693 263 2728 tinus,
300 2693 391 2725 cuiue
429 2697 558 2725 exstant
594 2693 854 2732 strategematon
890 2693 964 2723 libri
988 2693 1035 2723 111
1075 2709 1114 2714 —
1147 2691 1302 2730 fraterna
1341 2687 1487 2728 imayino]
1535 2687 1663 2718 Pisonis
1703 2688 1873 2728 Liciniani,
1912 2698 1932 2718 a

169 2753 202 2780 et
226 2750 266 2781 de
289 2750 383 2790 aquis
408 2750 498 2782 urbis
525 2751 647 2781 Romae
674 2751 744 2781 libri
770 2752 811 2781 11.
829 2768 870 2773 —
896 2747 1033 2792 reqibus]

167 2805 339 2846 Sohaemo,
373 2808 547 2846 Antiocho,
580 2809 757 2848 Agrippae.
782 2808 827 2839 cf.
854 2809 884 2845 2,
911 2808 965 2838 81.
990 2824 1033 2829 —

174 2863 275 2895 Tanto
298 2862 441 2908 Ιυιεωιο]
466 2865 509 2896 cf.
537 2867 566 2903 ι,
593 2866 646 2896 79.
673 2866 705 2903 2,
731 2865 782 2895 85.
819 2880 863 2887 —
900 2863 1034 2894 Plocium

173 2918 343 2965 Griphum]
375 2922 417 2952 cf.
441 2924 472 2958 3,
499 2923 553 2953 ⁶2.
590 2939 632 2944 —-
672 2918 802 2963 Hormo]
837 2919 1033 2959 Vespasiani

170 2976 296 3008 liberto.
323 2977 365 3010 ef.
391 2979 422 3017 8,
450 2980 502 3009 12.
521 2980 574 3010 28.
600 2996 643 3001 —
667 2974 823 3019 eiurante]
849 2977 918 3008 scil.
944 2986 1033 3016 prae-

168 3037 284 3065 tunm.
308 3034 342 3074 ⁸,
354 3034 395 3065 3⁷
412 3034 693 3074 boiitduram’tqu
706 3032 788 3077 (scil.
804 3031 1033 3075 consulatum),

170 3091 202 3129 8,
228 3090 271 3122 ⁶8
304 3091 428 3122 aetrno-u·
464 3090 507 3122 ab
528 3101 565 3123 eo
587 3092 761 3131 imperium.
802 3107 845 3113 —
880 3089 1033 3129 pleraque

169 3147 369 3179 Donitiamu
395 3165 438 3171 —
468 3146 619 3193 what]
657 3148 841 3179 Suetonius*
864 3147 958 3177 Dom.
997 3149 1033 3177 1:

168 3204 328 3246 (praetor)
351 3213 470 3235 omnem
492 3205 554 3235 vim
578 3205 802 3237 dammationis
826 3209 891 3234 tam
907 3203 1035 3233 lubenter

169 3260 315 3297 made,
358 3264 394 3291 ut
426 3261 492 3291 ian
525 3265 600 3299 um,
637 3262 741 3300 qualis
768 3259 906 3298 futurus
944 3263 1035 3298 unet,

1073 2747 1180 2778 Galba
1214 2748 1248 2777 in
1280 2745 1451 2784 imperium
1476 2744 1633 2783 adoptati.
1672 2747 1702 2782 1,
1729 2746 1781 2776 14.
1810 2746 1859 2775 15.
1886 2762 1930 2767 —

1071 2805 1232 2844 corrumpi
1271 2801 1400 2843 facilia]
1450 2800 1549 2832 Silius
1591 2802 1643 2838 12,
1689 2802 1753 2832 163
1794 2800 1932 2838 facilen

1070 2866 1192 2892 tutatur
1228 2860 1318 2891 adiri
1347 2857 1525 2898 planitien,
1565 2856 1691 2887 Gellius
1734 2858 1785 2894 1⁹1,
1820 2857 1852 2894 ⁹,
1891 2858 1928 2887 14

1070 2918 1235 2958 epistulam
1253 2916 1387 2954 facilen
1399 2914 1470 2953 legi.
1487 2914 1615 2953 Dram-
1630 2913 1752 2952 Syntax
1769 2913 1789 2952 ξ
1810 2913 1882 2950 158,
1898 2912 1928 2944 b.

1075 2992 1111 2998 -
1130 2974 1220 3013 adeo]
1243 2978 1277 3003 ut
1293 2976 1324 3011 1,
1343 2973 1361 3002 9
1380 2972 1483 3002 multo
1500 2970 1614 3009 magis,
1633 2970 1672 3000 de
1689 2978 1754 3007 qua
1769 2968 1930 3007 significa—

1071 3033 1156 3062 tione
1175 3041 1206 3062 v.
1221 3030 1302 3063 adeo
1319 3032 1392 3068 post
1407 3037 1446 3058 ne
1463 3043 1503 3050 -
1523 3026 1646 3066 quidm
1661 3026 1747 3065 apud
1758 3025 1930 3062 Velleium,

1071 3088 1231 3124 Tacitum,
1256 3086 1404 3117 Curtium
1429 3084 1470 3115 cf.
1496 3083 1605 3122 Hand,
1634 3081 1724 3112 Tan.
1742 3082 1768 3112 1.
1793 3091 1823 3121 p.
1852 3082 1925 3112 1⁶4.

1076 3162 1111 3167 —-
1143 3143 1310 3183 promiscis
1339 3140 1460 3180 onerat]
1496 3140 1573 3170 item
1608 3138 1684 3169 Sall.
1720 3138 1790 3176 lug.
1822 3139 1872 3176 18,
1898 3140 1927 3169 3.

1072 3201 1183 3231 Livius
1209 3202 1261 3237 24,
1301 3200 1353 3238 13,
1387 3200 1407 3229 4
1440 3195 1607 3227 Hannibal
1637 3194 1845 3226 conlaudatos
1878 3203 1929 3225 σοι

1069 3262 1276 3295 onerataque
1314 3253 1487 3293 mentibus
1521 3252 1688 3292 promiscis
1727 3251 1851 3282 ἄσαιμι
1887 3266 1928 3273 -

169 3316 353 3355 numae-et,
377 3321 440 3348 oet.
478 3333 523 3340 —
560 3315 712 3362 nonita]
749 3317 809 3355 ,die
835 3316 956 3347 Helden
979 3315 1034 3346 des
1069 3313 1174 3344 radin
1197 3313 1290 3346 iubet.
1314 3311 1447 3342 Curtius
1474 3312 1505 3349 ὁ,
1522 3312 1555 3348 4,
1574 3311 1613 3341 12
1634 3308 1802 3348 gno-tineis
1818 3316 1930 3339 ona-a·

173 3372 287 3414 Taau'
312 3374 344 3414 ³,
371 3373 411 3404 ‘1⁷
436 3382 542 3404 noem
565 3374 701 3406 vietor-ia
725 3373 823 3404 mike.
844 3390 885 3395 —
904 3370 1034 3410 termido
1069 3375 1133 3401 tum
1157 3375 1189 3401 et
1213 3369 1352 3408 saepius.
1395 3384 1436 3390 —-
1478 3367 1617 3397 ‘lisama
1651 3364 1754 3396 Cluvii
1772 3364 1845 3403 Rufi
1890 3365 1929 3394 de

269 3428 434 3458 mnan.

1605 3422 1659 3461 32
