2176 3672
610 268 783 313 LtBER
809 270 862 314 V.
917 271 1210 317 EXCURSUS
1240 274 1317 318 AD
1345 274 1390 319 C.
1419 275 1458 319 2.
1488 275 1527 319 3.
1556 274 1597 320 4
1926 276 2011 323 569

358 387 396 423 3.
430 388 468 423 4.
494 385 659 435 plur-amm
673 387 865 438 auctores]
889 387 1038 438 primae
1058 389 1182 439 partis
1202 390 1363 442 quintae
1383 391 1501 430 huius
1520 391 1758 431 narrationis
1779 393 2010 444 praecipuus

243 445 381 480 auctor
409 446 470 480 est
499 442 757 492 Lysimachus
788 443 1090 493 Alexandrinus,
1134 447 1302 496 scriptor
1341 449 1484 487 saeculi
1516 452 1607 487 ante
1636 449 1727 488 chr.
1757 450 1915 489 secundi
1945 451 2010 488 vel

242 498 363 550 primi
391 499 579 537 ineuntis.
637 501 688 540 ef.
720 500 864 539 aanor
892 515 930 552 p.
960 504 1055 541 914.
1114 515 1199 541 οιιιιι
1232 504 1306 542 hoc
1333 505 1374 542 iu
1412 504 1580 554 singulis
1608 506 1705 554 fere,
1734 519 1834 558 quae
1865 514 2009 552 narrat,

243 556 442 596 consentit
466 555 640 595 maxime
669 570 794 609 usque
823 558 874 596 ad
901 572 966 597 vv.
997 560 1168 610 Moysen,
1203 573 1313 598 unum
1342 562 1510 607 exulum,
1543 562 1712 610 Tacitus,
1742 568 1787 602 ut
1814 563 2012 612 colligitur

243 627 296 652 ex
322 613 430 652 illius
468 613 695 652 narratione
735 620 890 653 servata
928 628 952 653 a
979 616 1151 667 Iosepho
1191 623 1328 656 contra
1355 620 1431 668 Ap.
1468 622 1504 666 1,
1535 623 1601 658 34.
1660 632 1747 657 nam
1789 621 1822 658 is
1851 634 2009 673 quoque

242 670 515 735 expulsionem
555 671 634 708 τῶν
657 667 875 709 Ἰουδαίων
911 673 1063 722 λεπρῶν
1093 670 1157 711 καὶ
1188 675 1338 723 ψωρῶν
1371 676 1418 713 ad
1449 676 1675 715 Bocchorim
1716 689 1845 726 regem
1877 678 2010 724 refert,

242 727 311 781 qui
340 727 483 767 adierit
511 727 743 767 Hammonis
779 729 978 768 oraculum
1020 731 1069 768 ab
1110 743 1236 783 eoque
1270 732 1347 770 hoc
1384 745 1613 782 responsum
1653 733 1811 772 tulerit.
1847 729 1895 770 τὰ
1923 730 2009 783 ίερᾶ

242 785 424 835 καθᾶραι
452 778 520 822 ἀπ’
549 779 779 833 ἀνθρώπων
814 780 1000 837 ἆνᾶγνων
1037 784 1104 824 καὶ
1144 785 1348 837 δυσσεβοῑν
1386 785 1621 836 ἐκβάλλοντα
1658 785 1805 834 αὐτους
1847 787 1890 828 ἐκ
1932 791 2010 828 τῶν

242 840 360 892 ἱερῶν
388 838 445 886 εἰς
472 835 623 887 τόπους
652 838 825 891 ἐρήμους
852 845 931 880 κτλ.
981 856 1067 882 cum
1088 844 1211 883 Taciti
1241 845 1374 884 verbis
1400 859 1446 883 ne
1475 858 1587 896 quam
1607 846 1759 884 deorum
1778 847 2011 885 hominumve

242 911 348 967 open
377 902 452 938 oet.
460 899 772 966 quadamtenus
800 901 1014 939 concinunt
1040 901 1138 940 haec
1166 902 1414 952 Lysimachi.
1445 903 1602 950 Μωσῆν
1640 899 2011 951 παρακελεύσασθαι

243 950 379 1001 αὐτοῖς
417 950 512 1004 μήτε
550 950 784 1005 ἀνθρώπων
824 955 898 995 τινὶ
938 952 1139 1007 εὐνοήσειν
1176 954 1271 1006 μήτε
1311 970 1450 1023 αριστα
1493 956 1798 1008 συμβουλεύσειν
1840 954 1933 997 ἄλλα
1963 974 2009 998 τα

241 1012 399 1063 χείρονα
426 1013 538 1050 θεῶν
566 1025 607 1050 τε
635 1026 760 1058 ναους
777 1011 844 1051 καὶ
865 1010 1039 1064 βωμούς,
1068 1008 1176 1059 οἷς’“
1149 1029 1198 1052 αν
1217 1012 1485 1065 περιτύχωσιν,
1517 1011 1760 1062 ἀνατρέπειν.
1818 1017 1857 1054 id
1879 1022 2008 1055 autem

241 1083 430 1122 perquam
470 1070 724 1109 memorabile
762 1079 823 1110 est
850 1075 1058 1123 tantopere
1088 1084 1112 1110 a
1151 1073 1296 1111 nostris
1327 1073 1558 1118 Annalibus,
1599 1073 1665 1125 qui
1697 1086 1747 1111 ex
1786 1074 2009 1112 novissimis

241 1126 615 1176 investigationibus
636 1127 803 1177 Hitzigii
834 1128 1057 1178 (Phntismer
1086 1142 1124 1179 p.
1156 1128 1265 1180 170.)
1322 1130 1472 1180 Moysis
1492 1129 1786 1178 emigrationem
1807 1130 2011 1180 assignant

239 1196 345 1223 anno
383 1189 477 1223 ante
505 1184 597 1223 Chr.
634 1187 752 1232 1492,
788 1185 898 1223 abire
935 1186 1129 1224 rationem
1166 1186 1525 1237 Lysimachianam;
1566 1186 1759 1238 siquidem
1801 1187 2010 1226 Bocchoris

240 1242 381 1280 unicus
425 1254 499 1279 rex
542 1242 746 1292 dynastiae
790 1241 1000 1281 vicesimae
1045 1247 1208 1295 quartae
1249 1257 1285 1282 a.
1326 1248 1419 1282 ante
1449 1243 1539 1283 Chr.
1580 1243 1803 1282 763-720
1832 1244 2007 1294 (Bunsen

241 1300 445 1349 Aegypta·
475 1298 554 1336 111.
585 1311 622 1348 p.
659 1301 749 1344 128,
777 1306 915 1338 contra
942 1312 978 1337 a.
1008 1299 1232 1338 725—720
1277 1300 1410 1338 Bockh
1443 1301 1622 1338 Manetho
1651 1313 1690 1351 p.
1713 1299 1812 1350 393)
1841 1301 1881 1338 in
1911 1301 2008 1339 urbe

240 1355 306 1393 Sui
336 1356 461 1394 fertur
497 1367 694 1404 regnasse,
733 1369 820 1394 cum
850 1357 1071 1406 Aethiopes
1100 1359 1323 1407 Aegyptum
1364 1370 1435 1407 per
1475 1357 1735 1409 quadraginta
1772 1370 1897 1396 anuos
1936 1358 2008 1395 sub

240 1411 470 1450 Sabbacone
499 1425 569 1450 suo
599 1416 823 1458 tenuerunt,
854 1413 922 1465 qui
944 1413 1164 1452 Bocchorin
1194 1415 1299 1464 cepit
1326 1414 1540 1466 vivumque
1561 1414 1770 1459 cremavit;
1801 1414 2007 1452 discrimen

239 1468 364 1517 igitar
391 1472 453 1506 est
480 1481 671 1506 annorum
701 1469 858 1508 circiter
877 1470 1066 1509 DCCXL.
1126 1471 1237 1509 021.
1267 1472 1364 1519 Reg.
1396 1474 1434 1517 6,
1472 1474 1504 1517 1,
1534 1470 1600 1508 ubi
1631 1477 1886 1508 numerantur
1913 1472 2006 1509 anni

240 1524 524 1564 000ch
555 1526 604 1563 ab
635 1525 746 1564 exitu
765 1526 1031 1565 Israelitarum
1053 1540 1104 1564 ex
1128 1530 1308 1578 Aegypto
1329 1540 1452 1579 usque
1472 1528 1518 1564 ad
1540 1527 1736 1565 conditum
1758 1539 1782 1564 a
1801 1527 2008 1566 Salomone

240 1581 443 1633 templum.
501 1586 544 1620 at
572 1582 768 1621 Biickhius
784 1578 988 1635 (Manetho
1017 1597 1054 1633 p.
1088 1582 1185 1635 190)
1216 1585 1289 1622 hoc
1319 1583 1597 1629 testimonium,
1628 1584 1734 1635 quod
1757 1588 1888 1623 tamen
1918 1589 2009 1635 post

241 1639 454 1689 Iosephum
477 1638 607 1689 (ibid.)
636 1639 874 1678 inculcatum
896 1652 981 1678 esse
1000 1641 1141 1706 nequit
1158 1641 1199 1678 in
1222 1644 1452 1679 contextum
1471 1640 1707 1678 Hebraicum
1728 1646 1769 1678 et
1787 1641 2005 1679 versionem

241 1695 321 1733 τόν
341 1690 388 1741 ο’,
410 1708 482 1734 suo
502 1697 705 1742 arbitratu,
726 1701 772 1735 ut
791 1701 1011 1746 suspectum
1034 1697 1226 1744 reiiciens,
1255 1711 1300 1736 ac
1321 1697 1513 1736 Iustinum
1538 1698 1763 1747 martyrem,
1787 1697 2009 1745 Tatianum,

241 1751 480 1791 Clementem
512 1753 824 1791 Alexandrinum
866 1753 1029 1804 (Strom.
1064 1757 1196 1801 1,21,
1230 1754 1326 1803 101)
1366 1759 1532 1801 secutus,
1568 1753 1719 1792 exitum
1747 1754 1858 1791 illum
1889 1754 2010 1792 refert

240 1809 289 1847 ad
328 1821 364 1847 a.
399 1810 503 1847 1667
547 1815 638 1848 ante
667 1809 772 1854 chr..
811 1810 867 1847 ita
906 1815 953 1848 ut
992 1811 1198 1849 discrimen
1237 1811 1342 1848 foret
1378 1823 1567 1848 annorum
1608 1810 1765 1849 circiter
1793 1811 2007 1850 DCCCCX.

243 1865 388 1904 ufiner
416 1879 453 1916 p.
485 1869 580 1904 916.
639 1879 791 1904 causam
823 1871 957 1905 tantae
982 1867 1266 1918 discrepantiae
1296 1867 1452 1919 quaerit
1479 1867 1522 1904 in
1545 1868 1829 1917 Aegyptiorum
1860 1868 2009 1906 invidia

242 1923 432 1961 adversus
451 1923 631 1970 Iudaeos,
662 1935 741 1975 qua
769 1929 1034 1962 transversum
1066 1924 1155 1970 acti,
1184 1924 1353 1962 secundo
1378 1929 1468 1962 ante
1487 1924 1578 1962 Chr.
1603 1923 1756 1962 saeculo
1776 1925 2007 1974 inceperint,

242 1980 371 2033 quoad
401 1979 486 2018 eius
504 1979 591 2018 fieri
614 1985 757 2030 posset,
788 1980 1006 2030 deprimere
1026 1986 1145 2033 atque
1165 1985 1378 2019 extenuare
1403 1980 1675 2032 antiquitatem
1695 1982 1823 2029 gentis
1843 1981 2007 2020 invisae.

357 2093 497 2133 Altera
515 2106 606 2144 pars
626 2094 674 2132 de
695 2094 843 2145 Moysis
863 2094 1134 2143 emigratione,
1157 2095 1287 2133 varios
1307 2107 1378 2145 per
1397 2093 1546 2133 rivulos
1565 2095 1612 2132 ad
1633 2093 1808 2133 Tacitum
1831 2094 2007 2142 deducta,

240 2151 455 2203 repetenda
484 2155 546 2189 est
574 2164 626 2189 ex
655 2151 921 2197 Manethonis,
950 2151 1018 2204 qui
1047 2151 1153 2190 vixit
1179 2152 1251 2190 sub
1273 2151 1495 2190 Ptolemaeo
1527 2151 1795 2201 Philadelpho,
1824 2151 2008 2201 primitus

241 2208 388 2258 duplici
417 2208 654 2254 narratione,
683 2208 808 2246 altera
836 2208 884 2246 de
914 2208 1058 2259 Hycsis
1087 2209 1188 2259 apud
1211 2209 1424 2258 Iosephum
1455 2221 1489 2246 c.
1518 2210 1596 2271 Ap.
1631 2211 1664 2255 1,
1699 2210 1749 2246 14
1779 2208 1932 2257 hausta,
1962 2214 2008 2247 ut

241 2266 306 2304 hic
334 2265 431 2304 dicit
459 2277 492 2303 c.
530 2268 598 2304 16.
638 2262 681 2303 ἐκ
720 2265 799 2302 τῶν
834 2259 1062 2309 ἀδεσπότους
1102 2266 1476 2315 μυθολογουμένων,
1515 2265 1557 2302 in
1593 2277 1671 2316 qua
1710 2264 1819 2302 nulla
1859 2265 2006 2316 Moysis

241 2321 410 2368 mentio;
440 2322 564 2361 altera
593 2319 636 2359 ἐκ
666 2322 743 2359 τῶν
772 2316 866 2368 παρ’
893 2319 1127 2372 Αἰγυπτίοις
1154 2317 1406 2387 γραμμάτων,
1443 2322 1484 2359 in
1524 2333 1602 2387 qua
1640 2322 1689 2359 de
1731 2321 1868 2371 Moyse
1909 2322 2007 2360 haec

241 2379 449 2427 leguntur.
479 2375 626 2428 λέγεται
655 2375 711 2423 δέ,
743 2391 801 2416 οτι
833 2392 905 2427 την
934 2378 1130 2416 πολιτείαν
1159 2376 1225 2416 καὶ
1255 2391 1349 2423 τους
1374 2374 1521 2426 νόμους
1541 2372 1675 2422 αύτοῖς
1695 2372 2007 2426 καταβαλόμενος

241 2431 381 2485 ἱερεύς,
411 2449 456 2474 το
487 2432 601 2503 γένος
618 2429 907 2484 Ἡλιοπολίτης,
938 2449 1063 2483 ονομα
1079 2431 1295 2484 Ὀσαρφίφ,
1327 2429 1406 2472 nimi
1436 2435 1506 2472 τοῦ
1537 2432 1578 2472 ἐν
1605 2428 1747 2471 Ἡλίου
1775 2430 1885 2471 πόλει
1906 2436 2006 2472 θεοῦ

239 2487 435 2542 Ὀσίρεως,
466 2505 520 2537 ως
549 2489 691 2541 μετέβη
722 2490 777 2537 εἰς
805 2493 921 2530 τοῦτο
950 2487 994 2529 τὸ
1023 2489 1147 2543 γένος,
1177 2489 1363 2540 μετετέθη
1393 2485 1567 2538 τοῦνομα
1598 2490 1664 2528 καὶ
1697 2487 2003 2561 προσηγορεύθη

243 2550 437 2599 Μωυσῆς.
496 2549 740 2615 Theophilus
779 2550 827 2588 ad
868 2549 1107 2600 Autolycum
1140 2552 1176 2595 3,
1220 2552 1268 2586 21
1302 2562 1340 2598 p.
1370 2551 1474 2588 392:
1516 2547 1743 2591 Μαναιθῶς
1777 2544 1819 2584 δὲ
1858 2543 1882 2585 ό
1921 2545 2003 2585 κατ’

242 2604 490 2657 Αἰγυπτίους
519 2600 644 2644 πολλα
684 2601 927 2655 φλυαρήσας,
969 2603 1026 2643 ἔτι
1065 2601 1142 2654 μὴν
1180 2603 1246 2643 καὶ
1287 2601 1498 2653 βλασφημα
1540 2601 1671 2651 εἰπών,
1713 2614 1810 2641 ωστε
1852 2602 2004 2643 Μωσέα

242 2661 311 2701 καὶ
341 2658 435 2709 τούς
474 2659 548 2701 σύν
580 2659 689 2714 αὐτῷ
727 2657 957 2712 Ἑβραίους,
1001 2676 1055 2708 ως
1101 2660 1228 2711 δῆθεν
1268 2656 1333 2699 δια
1370 2658 1516 2709 λέπραν
1555 2658 1816 2709 ἐκβληθέντας
1855 2658 1896 2699 ἐκ
1936 2661 2005 2710 τῆς

244 2715 464 2771 Αἰγύπτου,
503 2717 696 2768 ποιμένας
724 2714 870 2764 αύτους
908 2714 1031 2757 εἰπων
1067 2733 1135 2757 και
1176 2718 1385 2767 πολεμίους
1426 2715 1669 2768 Αἰγυπτίων,
1709 2712 1781 2766 οὐχ
1821 2708 1932 2766 εὗρεν
1961 2731 2003 2756 το

241 2772 400 2827 ακριβὲς
437 2790 518 2815 των
557 2772 711 2826 χρόνων
755 2774 890 2814 εἰπεῖν.
961 2777 1139 2828 sequitur
1177 2776 1414 2814 Chaeremon
1460 2774 1530 2825 (cf.
1576 2774 1707 2812 Ideler
1749 2774 2003 2824 Hermapion.

243 2834 399 2885 Lipsiae
447 2837 566 2873 1841.
627 2834 807 2884 Append.
851 2847 889 2885 p.
935 2836 998 2879 55,
1039 2833 1105 2871 ubi
1148 2833 1310 2871 affertur
1353 2832 1470 2870 etiam
1517 2831 1680 2869 Cosmae
1722 2831 2001 2881 Indicopleust.

242 2891 411 2942 Topogr.
439 2890 583 2931 Christ.
613 2890 713 2929 XII.
744 2904 782 2941 p.
814 2892 907 2929 341.
938 2889 987 2928 D.
1018 2890 1078 2928 ed.
1099 2889 1314 2928 Kontfauc.
1371 2888 1527 2926 Buusen
1551 2890 1750 2937 Aegypten
1781 2888 1813 2925 L
1844 2900 1883 2938 p.
1912 2891 2002 2935 128)

239 2948 345 2999 apud
373 2948 586 2999 Iosephum
616 2960 647 2986 c.
681 2950 755 2997 Ap.
791 2951 825 2995 1,
858 2950 936 2985 32·
966 2941 1150 2996 ἡγεῖσθαι
1179 2941 1215 2983 δ’
1250 2939 1380 2982 αύτῶν
1392 2940 1658 3011 γραμματέας
1684 2944 1840 2991 Μωσῆν
1868 2956 1907 2981 τε
1937 2942 2003 2981 καὶ

240 3000 441 3054 Ἰωσηπον
471 3002 536 3042 καὶ
557 3004 696 3042 τοῦτον
716 3000 1048 3053 ἱερογραμματέα·
1078 2998 1276 3053 Αἰγύπτια
1297 2995 1332 3038 δ’
1351 2995 1485 3045 αύτοῖς
1505 2995 1678 3048 ὀνόματα
1708 2993 1902 3053 clv-1519?
1933 2997 2003 3048 μὲν

244 3061 378 3114 Μωσῇ
403 3058 575 3104 Τισιθέν,
595 3061 650 3111 τῷ
670 3057 737 3098 δὲ’
746 3058 915 3112 Ιωσήπῳ
941 3055 1136 3108 Πετεσήφ.
1166 3058 1368 3110 proximus
1388 3056 1555 3107 scriptor
1575 3057 1639 3094 hic
1658 3058 1928 3096 memorandus
1943 3063 2003 3095 est

242 3116 436 3157 Diodorus
464 3119 505 3156 in
536 3103 690 3167 Fragm.
723 3118 764 3155 L.
803 3120 856 3161 84
887 3122 928 3155 et
956 3120 1023 3155 40.
1067 3116 1125 3154 ed.
1158 3116 1243 3153 Lud
1285 3114 1463 3152 Dindort'.
1501 3114 1550 3151 11.
1592 3126 1630 3162 p.
1661 3115 1713 3151 49
1745 3119 1785 3151 et
1826 3114 1891 3160 73,
1933 3114 2001 3165 qni

240 3174 334 3212 item
363 3174 413 3212 de
442 3175 639 3224 vitiligine
668 3174 912 3219 Iudaeorum,
954 3173 1104 3223 Moysis
1134 3171 1401 3219 emigratione,
1440 3170 1617 3221 asinique
1657 3169 1757 3219 apud
1793 3170 2002 3219 populares

240 3230 350 3269 cultu
378 3237 523 3270 narrat.
581 3236 663 3271 tum
683 3231 833 3281 inspice
852 3229 1081 3268 Strabonem
1106 3228 1147 3266 1..
1183 3231 1232 3266 16
1263 3241 1301 3278 p.
1333 3228 1426 3277 760,
1455 3227 1521 3279 qui
1551 3225 1643 3264 item
1673 3226 1794 3265 tradit
1821 3241 1844 3264 a
1865 3227 2001 3278 Moyse

240 3300 290 3325 ex
322 3291 503 3337 Aegypto
542 3289 729 3327 deductos
769 3300 852 3326 esse
882 3287 1047 3325 Iudaeos
1087 3286 1126 3323 in
1160 3284 1432 3323 Palaestinam.
1491 3295 1629 3332 agmen
1669 3282 1824 3322 claudat
1852 3283 2001 3332 Trogus

240 3343 452 3393 Pompeius
488 3343 572 3383 sive
602 3344 777 3384 Iustinus
817 3347 883 3391 86,
913 3347 951 3391 2,
991 3344 1057 3381 ubi
1089 3343 1135 3381 de
1167 3342 1315 3391 Moysis
1353 3341 1494 3379 itinere
1532 3351 1602 3390 per
1638 3340 1790 3378 deserta
1819 3340 1999 3379 Arabiae.

1733 3409 1783 3446 37
