2176 3672
911 238 1015 295 Cap.
1043 240 1080 281 1.
1114 234 1154 282 2.
1307 254 1318 258 ”
1887 239 1912 285 533

141 348 302 393 modico
330 349 447 393 flexu
474 349 518 392 in
549 349 804 393 occidentem
833 363 980 393 versus
1019 352 1332 408 septentrionali
1363 351 1533 396 Oceano
1563 354 1770 397 miscetur.
1832 355 1916 399 Da-

141 426 289 470 nuvius
317 426 432 469 molli
463 430 509 470 et
537 426 766 470 clementer
795 427 906 470 edito
946 429 1098 470 montis
1128 428 1329 472 Abnobae
1368 430 1466 486 iugo
1497 430 1653 473 effusus
1685 423 1813 488 pluris
1842 446 1916 489 po-

140 502 413 560 pulos—adit,
440 502 582 546 donec
622 504 665 546 in
705 503 924 546 Ponticum
966 519 1078 548 mare
1110 519 1188 555 sex
1217 506 1419 561 meatibus
1451 510 1662 564 erumpat:
1696 509 1916 565 septimum

141 592 190 622 os
227 579 445 637 paludibus
485 579 684 623 hauritur.

140 669 292 714 meque
331 657 504 700 aliarum
544 658 731 714 gentium
768 657 1009 701 adventibus

748 582 809 636 (2)
849 582 964 638 ipsos
1007 581 1239 625 Germanos
1279 583 1494 639 indigenas
1526 584 1771 627 crediderim
1799 585 1916 628 mini-

1051 663 1094 701 et
1135 659 1324 716 hospitiis
1365 660 1542 715 mixtos,
1574 661 1670 718 quia
1698 675 1777 704 nee
1806 666 1942 705 terras

245 752 275 782 1.
294 748 387 791 flexu
409 748 615 782 occidentem
637 760 796 791 superscr.
818 750 855 782 in
875 753 912 783 Β.
937 769 974 774 -
998 750 1169 784 danubius
1189 753 1275 791 AB,
1298 751 1468 784 daiiuvius
1490 755 1526 786 C.
1542 771 1579 777 -
1596 756 1625 786 2.
1647 752 1811 786 Abnobae
1831 756 1917 787 Rhe-

140 810 260 843 nus,
287 800 417 834 arnobe
439 804 486 843 (in
505 806 651 845 margine
673 802 838 845 arbonae)
856 806 902 844 A,
931 803 1058 836 arbone
1078 807 1125 845 B,
1151 803 1279 837 arbone
1308 807 1352 845 (in
1374 808 1518 847 margine
1539 816 1633 839 mons
1655 817 1678 839 a
1677 801 1806 847 uberta)
1827 809 1862 840 C.
1878 826 1916 832 —

137 853 259 898 phares
279 856 357 889 OD.
372 873 412 880 -—
431 859 461 888 5.
483 850 614 900 63ρίεῶ
635 858 673 896 Β,
696 857 827 900 ospitiis
850 858 885 890 C.
909 875 947 881 —-
971 858 1085 890 mistos
1105 859 1143 890 B.

140 931 260 974 bulum,
269 933 357 974 quod
367 937 419 965 est
429 933 620 972 immensus,
630 934 716 975 apud
724 935 871 966 Tacitum
880 936 945 966 vim
953 945 1006 967 su-

139 988 194 1012 an
205 981 366 1021 propriam
376 982 481 1013 rarius
496 990 644 1013 servasse
656 985 690 1013 et
700 983 829 1022 saepius
839 983 924 1013 idem
939 982 1008 1014 fere

139 1027 341 1068 meare,
355 1029 442 1068 quod
456 1037 620 1070 maynus,
639 1027 770 1068 maior,
791 1030 870 1060 satis
899 1029 1009 1060 docuit

140 1071 302 1113 wamia,
316 1071 510 1116 Philologus
524 1075 644 1115 XXVI,
663 1077 742 1114 159,
754 1077 808 1116 qui
819 1079 926 1107 tamen
936 1077 1008 1115 ipse

140 1123 246 1159 errat,
258 1131 330 1153 eum
342 1131 464 1162 negare
474 1122 603 1153 videtur
617 1123 721 1153 Taciti
735 1120 857 1153 insulis
874 1123 1008 1154 Scandi-

141 1169 268 1200 navim
279 1178 407 1209 quoque
414 1170 572 1200 contineri
579 1178 688 1209 posse,
699 1170 817 1200 oblitus
828 1169 1006 1200 Scandina-

141 1216 226 1247 viam
247 1223 349 1256 usque
369 1217 412 1247 ad
434 1217 595 1248 saeculum
610 1217 659 1247 XI
672 1226 732 1256 pro
746 1217 852 1247 insula
867 1217 934 1248 sive
948 1226 1008 1256 pro

142 1262 254 1294 insulis
267 1271 341 1294 esse
353 1263 505 1302 habitam
519 1272 614 1303 quam
624 1263 764 1294 siminus
773 1264 893 1294 bellum
902 1265 1009 1303 ipsum

141 1309 287 1350 aperuit,
305 1311 433 1350 aperuit
452 1312 559 1341 tamen
581 1310 745 1349 expeditio
759 1312 815 1341 aut
834 1311 932 1341 Drusi
954 1314 1010 1341 aut

142 1355 483 1388 'flberiiinflermania
493 1356 689 1388 bellantium.
697 1373 735 1378 —
746 1365 856 1398 nuper
865 1356 1008 1398 coquitis

141 1398 222 1443 00ὲᾶ
245 1402 370 1434 collato
390 1403 427 1434 G.
448 1405 498 1434 34.
517 1403 728 1443 probabiliter
746 1404 810 1435 hoc
830 1405 952 1436 referas
967 1405 1009 1436 ad

140 1449 244 1491 Daui*
262 1450 500 1490 expeditionem
527 1460 558 1481 a.
586 1460 618 1482 u.
641 1453 722 1489 ⁷42„
744 1461 807 1491 qua
828 1452 1008 1491 patefactae

140 1495 341 1537 figentes
361 1498 454 1536 illae3
476 1507 686 1538 quamquam,
707 1501 744 1529 ut
763 1507 874 1529 verum
895 1498 1008 1537 fatear,

139 1543 203 1575 m
222 1546 275 1583 54,
287 1545 339 1576 82.
359 1545 498 1576 affirmat
518 1546 658 1576 Drusum
679 1555 745 1577 non
760 1546 844 1576 ultra
859 1546 1007 1577 Chaucos

139 1593 348 1634 penetrasse·
338 1613 347 1630 ‚
362 1592 450 1632 quod
464 1595 572 1624 tamen
585 1594 758 1634 intellegas
770 1594 847 1624 licet
858 1593 898 1624 de
911 1596 1008 1634 gente

139 1631 204 1668 lna
216 1641 377 1678 superata,
391 1649 459 1671 non
473 1641 514 1672 de
528 1641 754 1681 longinquiore
768 1642 877 1681 aliqua
891 1644 924 1672 et
934 1642 1007 1672 bre-

139 1685 231 1717 viora
245 1687 477 1726 expeditione
466 1697 501 1719 m
512 1688 677 1720 Oceanum
686 1711 695 1728 ,
710 1690 837 1728 qualem
849 1689 1009 1729 significat

140 1731 231 1765 suot.
243 1733 356 1765 claud.
372 1737 406 1765 1.
422 1732 611 1766 Drusus—
573 1735 759 1778 —primus
776 1735 1009 1767 Romanorum

140 1776 267 1811 dueum
278 1777 454 1820 Oceanum
463 1781 761 1824 septentrionalem
776 1782 962 1825 naviqavit,
977 1787 1010 1815 et

139 1826 183 1858 ad
202 1836 300 1881 quam
313 1829 390 1860 item
403 1830 518 1861 referri
538 1830 666 1862 videtur
685 1840 741 1869 ea,
755 1840 838 1871 quae
853 1831 937 1862 facta
958 1834 1009 1862 est

141 1873 309 1916 auspiciis
329 1873 374 1907 D.
393 1873 542 1918 Auqusti
565 1875 787 1908 Germaniam
807 1876 918 1909 classe
938 1877 1007 1909 cir·

140 1925 316 1954 comeatu
327 1921 377 1954 ad
384 1921 598 1955 Cimbrorum
606 1924 886 1966 promunturium
895 1923 1007 1966 (Ska-

138 1976 204 2010 yen
213 1969 248 2000 in
255 1970 431 2009 Jutlandia,
439 1973 475 2002 ut
484 1972 703 2010 arbitrantur),
715 1975 747 2002 et
756 1970 835 2002 inde
847 1971 1006 2002 immenso

139 2015 431 2059 'improspecte
441 2019 576 2050 PlinN.
586 2020 667 2057 Ee,
679 2021 730 2050 67.
743 2022 776 2050 et
786 2020 872 2050 Mon.
887 2021 1007 2060 Ancyr-

139 2062 180 2093 Ὗ.
188 2064 238 2101 14,
243 2063 287 2095 11.
301 2060 431 2104 clapsi
441 2064 500 2106 qui
509 2069 674 2118 praeerat
684 2075 755 2096 meo
765 2065 860 2096 iussu
868 2064 911 2096 ab
921 2065 1006 2096 ostio

142 2085 253 2140 moenis·
262 2108 312 2140 ad
323 2109 406 2141 solis
420 2110 562 2142 orientis
577 2112 750 2154 regionem
765 2121 873 2154 usque
898 2111 973 2142 ad.

142 2176 271 2187 ........
277 2166 312 2187 m
339 2156 534 2200 navigavit,
558 2167 624 2200 quo
652 2168 762 2200 neque
783 2163 878 2189 terra
899 2168 1008 2201 neque

140 2201 234 2233 novi
249 2202 430 2245 quisquam
444 2202 620 2236 Romanus
636 2209 715 2236 ante
730 2204 767 2236 id
780 2209 910 2247 tempus
926 2203 1008 2236 adit.

140 2248 206 2280 Alii
219 2250 348 2290 quidem
368 2252 415 2289 (in
436 2253 483 2283 eis
494 2253 685 2291 Mommsen)
701 2254 952 2293 interpretanmr
967 2253 1007 2283 de

140 2296 313 2329 miseriam
336 2298 378 2337 (a.
398 2309 430 2329 u.
457 2301 549 2340 758.,)
575 2309 671 2340 quam
690 2303 847 2331 memorat
865 2300 1008 2331 Velleius

140 2345 172 2382 8,
188 2345 258 2376 loe.
281 2345 401 2376 Verum
421 2347 484 2378 nisi
505 2348 612 2378 omnia
635 2357 687 2378 me
708 2347 842 2385 fallunt,
861 2347 1010 2378 adulator

139 2398 208 2422 rem
228 2391 303 2422 ideo
323 2395 550 2433 exaggeravit,
565 2403 629 2434 quo
643 2395 678 2424 in
693 2394 768 2425 his
758 2395 839 2434 ipsis
852 2391 1007 2436 gentibus

141 2444 186 2468 ae
198 2435 334 2480 req-hus
346 2439 433 2471 bello
446 2441 615 2480 patefactis
631 2441 709 2479 (Cic.
724 2442 836 2472 Manil.
846 2443 888 2479 8.)
901 2441 1008 2471 Druso

139 2485 366 2526 aequipararet
384 2488 504 2518 Tiberii
525 2489 680 2528 gloriam,
700 2490 797 2519 immo
811 2488 898 2519 hunc
913 2497 1009 2527 supra

139 2530 271 2564 mem
291 2534 472 2565 extolleret.
508 2533 547 2565 0.
571 2552 609 2557 -
633 2536 782 2566 Ceterum
810 2535 894 2566 salso
917 2536 1006 2565 Kritz

140 2578 201 2610 hos
228 2579 387 2611 ablativos
416 2590 498 2621 quos
527 2582 637 2613 dicunt
666 2583 825 2613 ablativos
847 2583 1007 2622 qualitatis

139 2628 250 2665 putat,
270 2636 343 2658 cum
363 2629 430 2659 sint
448 2629 582 2660 ablativi
602 2630 743 2660 absoluti
765 2630 914 2661 licentius
937 2631 1007 2670 qui-

140 2673 214 2704 dem
234 2683 306 2705 cum
326 2677 442 2707 ceterIs
464 2678 693 2708 enuntiationis
713 2677 859 2717 partibus
889 2678 1007 2708 iuncti:

141 2728 220 2752 eum
233 2730 345 2762 nuper
357 2721 426 2753 sint
437 2722 565 2765 coyniti
576 2727 637 2755 cet.
648 2725 680 2754 h.
692 2734 721 2755 e.
734 2725 819 2764 quod
830 2724 904 2755 inde
916 2725 1007 2754 novi-

140 2776 229 2806 mus,
242 2770 329 2809 quod
342 2780 447 2810 nuper
459 2774 535 2803 sunt
548 2772 670 2811 cogniti
686 2773 759 2809 cet.,
771 2780 865 2811 quam
878 2774 1007 2802 senten-

140 2815 216 2847 tiam
229 2825 333 2857 nuper
344 2818 534 2850 Baumstark
546 2820 634 2850 nulla
644 2819 762 2849 idonea
774 2827 871 2849 causa
884 2828 923 2849 eo
938 2827 1006 2848 mo·

141 2862 184 2894 do
198 2872 262 2904 quo
275 2865 360 2896 solet
373 2866 583 2906 Impugnavit.
596 2883 633 2888 —
648 2865 799 2907 aperuit]
815 2869 850 2896 ut
860 2866 938 2905 Agr.
951 2867 1007 2895 22:

94 2943 96 2946 ,
141 2909 262 2941 eeu-eim
276 2909 532 2953 expeditionum
547 2922 659 2943 annus
675 2921 782 2942 novus
798 2911 906 2953 yemis
923 2920 1008 2952 ape-

139 2956 390 2996 nit‚h.e.fecit,
401 2962 438 2990 ut
447 2960 582 2999 primum
594 2960 842 2990 innotescerent.
859 2959 1009 2989 Similiter

141 3003 258 3035 Stnbo
283 3006 312 3035 'l-
336 3015 371 3044 p.
396 3008 467 3037 291.
498 3007 539 3036 de
563 3007 661 3037 Drusi
695 3006 900 3045 expeditione
911 3027 919 3043 ,
946 3014 1008 3044 qua

140 3050 310 3082 Burehana
323 3052 429 3083 insula
443 3052 570 3084 detecta
593 3055 627 3083 et
640 3055 797 3092 occupata
812 3055 875 3083 est:
907 3049 1008 3085 Γνώ-

141 3109 237 3146 papa.
254 3098 296 3132 δὲ
309 3100 428 3134 ταῦτα
440 3102 607 3144 κατέστη
622 3098 668 3134 τὰ
686 3097 782 3143 ἔθνη
797 3098 1009 3142 πολεμοῦν-

141 3160 190 3184 τα
213 3148 309 3200 πρὸς
321 3149 531 3196 Ῥωμαίους
557 3151 633 3187 κτλ.
670 3152 749 3183 Item
772 3151 895 3182 Plinius
915 3151 954 3181 N.
969 3151 1009 3181 Η.

141 3198 172 3235 4,
187 3197 238 3236 18,
252 3200 312 3229 2¹1:
339 3196 417 3229 Tres
433 3203 464 3230 et
483 3198 604 3242 viginti
625 3197 702 3230 inde
722 3197 857 3230 insulae
880 3196 1009 3228 Roma-

141 3252 264 3275 norum
288 3245 393 3276 armis
417 3245 584 3287 coquitae.
621 3243 756 3277 Earum
778 3243 1010 3276 nobilissimae

143 3287 336 3323 Bure-hana
348 3295 409 3324 cet.
425 3310 462 3315 —
478 3291 610 3324 Raetic.
632 3291 710 3334 Alp.
732 3292 911 3323 inaccesso
933 3291 1009 3330 cet.]

144 3339 302 3372 Vox-tieem
317 3341 395 3372 dicit
416 3341 563 3379 Tacitus,
579 3350 673 3380 quem
695 3341 766 3378 alii,
783 3341 870 3370 velut
885 3339 1010 3376 Strabo,

1055 935 1268 974 Ptolemaeus,
1291 936 1401 967 dicunt
1431 939 1571 968 montem
1598 937 1735 969 Adulam
1763 938 1850 976 (hod.
1873 938 1919 969 St.

1057 983 1237 1022 Gotthard).
1260 984 1379 1015 Caesar
1393 985 1430 1014 B.
1447 985 1486 1015 G.
1508 987 1526 1014 4
1539 1007 1547 1022 ,
1571 987 1627 1016 10:
1649 982 1787 1016 Rhenus
1810 985 1921 1016 oritur

1056 1038 1101 1060 ει·
1121 1027 1316 1071 Lepontiis‚
1338 1030 1397 1072 qui
1418 1028 1522 1072 Alpes
1544 1029 1706 1063 incolunt.
1729 1049 1766 1055 ——
1789 1030 1920 1062 modico

1055 1075 1162 1117 flea-u]
1172 1077 1330 1118 Intellege
1341 1078 1381 1108 de
1390 1078 1477 1109 flexu
1489 1079 1678 1110 occidentali
1690 1089 1790 1119 prope
1797 1081 1919 1111 Arena-

1057 1133 1128 1155 cum
1141 1121 1363 1166 (Amkeim),
1374 1125 1459 1157 haud
1473 1126 1570 1166 longe
1580 1135 1600 1157 a
1611 1127 1717 1157 Rheni
1729 1128 1821 1165 ostio,
1835 1127 1920 1157 unde

1056 1171 1259 1211 subiungitur
1272 1169 1410 1202 Oceano
1421 1172 1590 1203 miscetur.
1606 1174 1778 1205 Gennaes.
1789 1175 1920 1205 Rectius

1057 1218 1221 1249 existimes
1243 1228 1263 1249 a
1285 1219 1397 1250 Tacito
1418 1219 1537 1250 flexum
1558 1220 1663 1251 Rheni
1685 1221 1718 1251 in
1738 1221 1920 1251 tmiversum

1057 1266 1289 1297 occidentalem
1303 1275 1377 1298 esse
1386 1267 1610 1306 significatum.
1624 1284 1662 1290 —
1674 1268 1805 1307 versus]
1821 1269 1920 1307 parti-

1057 1313 1175 1351 cipium
1199 1322 1283 1351 esse,
1303 1322 1370 1344 non
1390 1315 1670 1353 praepositionem,
1692 1314 1920 1346 contra'Erne-

1057 1360 1153 1390 stium
1167 1360 1251 1391 bene
1266 1360 1447 1391 iudicarunt
1459 1361 1592 1391 Passow
1606 1363 1638 1392 et
1648 1361 1742 1392 Hess.
1760 1378 1798 1383 —
1813 1359 1920 1401 molli]

1057 1407 1130 1438 Noli
1144 1408 1290 1446 accipere
1308 1417 1379 1438 cum
1393 1409 1556 1439 nonnullis
1571 1409 1611 1439 de
1626 1409 1696 1440 solo
1710 1418 1776 1440 non
1792 1418 1921 1446 saxoso,

1057 1454 1116 1485 sed
1131 1455 1250 1485 dictum
1275 1457 1342 1493 est,
1363 1457 1399 1485 ut
1412 1455 1510 1495 Verg.
1523 1455 1592 1486 Ecl.
1608 1457 1638 1493 9,
1653 1458 1689 1487 '12
1705 1465 1774 1497 qua
1788 1465 1823 1486 se
1837 1453 1921 1486 sub-

1059 1499 1184 1532 ducere
1199 1499 1300 1532 colles
1316 1499 1491 1542 Incipiunt
1506 1500 1663 1544 mollique
1678 1502 1790 1544 iuqum
1804 1501 1921 1534 demit-

1058 1551 1127 1578 tere
1153 1547 1259 1586 clivo,
1287 1549 1511 1589 homonymum
1540 1550 1639 1590 igitur
1666 1560 1715 1580 vv.
1745 1548 1923 1581 clementer

1059 1594 1157 1634 edito,
1179 1606 1242 1636 qua
1262 1597 1402 1637 imagine
1423 1598 1522 1627 utitur
1542 1600 1654 1628 noster
1667 1599 1762 1629 etiam
1772 1598 1856 1628 Ann.
1874 1599 1922 1635 18,

1058 1645 1115 1674 38:
1143 1642 1245 1674 colles
1273 1661 1311 1666 —
1339 1642 1518 1674 clementer
1540 1649 1765 1686 assuryentes.
1793 1646 1921 1681 Utrum-

1057 1700 1119 1730 que
1143 1691 1208 1722 iam
1229 1692 1440 1722 coniunxerat
1462 1692 1637 1722 Columella
1660 1695 1690 1730 2,
1705 1694 1782 1723 211:
1805 1690 1922 1722 collem

1058 1735 1238 1769 clementer
1259 1742 1290 1769 et
1310 1736 1455 1769 molliter
1476 1743 1717 1781 assurgentem.
1749 1737 1786 1770 0.
1816 1740 1922 1771 Verba

1057 1783 1150 1816 molli
1180 1790 1212 1816 et
1243 1784 1393 1816 clement.
1418 1795 1444 1816 e.
1478 1789 1682 1826 opponuntur
1706 1796 1736 1817 v.
1761 1797 1792 1817 v.
1818 1787 1922 1817 inac-

1057 1841 1152 1863 cesso
1174 1837 1204 1863 et
1216 1842 1334 1874 praec.
1366 1834 1520 1871 Wiilfflin,
1542 1831 1627 1864 Phil.
1646 1834 1767 1871 XXVI,
1791 1836 1859 1865 137.
1883 1851 1920 1856 —

1057 1878 1232 1922 Abnobae]
1264 1881 1459 1920 Scripturam
1482 1881 1565 1912 hanc
1586 1884 1714 1921 praeter
1739 1881 1812 1912 Rus.
1834 1882 1921 1912 Fest.

1056 1927 1171 1958 Avien.
1198 1928 1271 1959 Per.
1288 1930 1347 1958 437
1359 1938 1366 1958 :
1383 1925 1528 1958 Abnoba
1542 1937 1636 1958 mom
1650 1925 1738 1958 Istro
1751 1932 1852 1969 paler
1865 1932 1923 1966 est,

1058 1972 1151 2005 cadit
1167 1972 1331 2004 Abnobae
1347 1973 1444 2005 hiatu
1458 1973 1490 2005 F
1491 1973 1612 2012 lumen,
1620 1975 1746 2006 firmant
1760 1974 1921 2014 inscripti-

1056 2030 1135 2052 ones
1160 2022 1333 2052 DEANAE
1355 2022 1556 2053 ABNOBAE
1578 2022 1703 2062 positae
1732 2022 1844 2060 (lusor.
1868 2022 1921 2053 Or.

1056 2068 1125 2098 Lat.
1146 2068 1186 2098 N.
1203 2069 1307 2106 1986.)
1338 2069 1529 2099 Plinnfl.
1553 2071 1582 2106 4,
1599 2071 1648 2106 12,
1664 2071 1713 2099 24.
1742 2069 1876 2099 Ptolem.
1892 2070 1922 2106 2,

1058 2117 1106 2144 11.
1134 2115 1259 2145 Nomen
1271 2115 1427 2145 Abnobae
1443 2124 1515 2146 esse
1532 2115 1686 2146 Celticum
1700 2118 1811 2146 censet
1821 2115 1922 2145 Zeuss

1055 2162 1094 2192 D.
1117 2171 1148 2200 p.
1176 2164 1214 2192 10
1237 2165 1270 2192 et
1285 2162 1466 2201 significare
1486 2159 1606 2192 sileam
1620 2160 1756 2201 [lumine
1770 2160 1922 2192 circum-

1054 2207 1180 2248 fusam.
1202 2209 1324 2240 Eadem
1341 2211 1390 2239 est
1406 2209 1497 2246 silva,
1513 2218 1594 2248 quae
1610 2206 1796 2239 Marciana
1810 2211 1922 2248 postea

1057 2256 1225 2287 dicebatur
1254 2259 1287 2287 et
1315 2256 1414 2286 hodie
1445 2256 1627 2296 appellatur
1658 2252 1921 2286 Schmun-wald.

1057 2303 1165 2334 Oritur
1190 2303 1234 2334 ibi
1262 2303 1427 2334 Danuvius
1459 2304 1543 2334 inter
1570 2305 1694 2335 montes
1724 2303 1869 2334 Rosseck
1891 2304 1923 2333 et

1056 2351 1227 2389 Briglrain.
1259 2350 1336 2385 (Cir.
1359 2350 1462 2381 Ukert
1487 2347 1597 2381 Germ.
1611 2360 1643 2391 p.
1660 2351 1743 2388 117.)
1766 2366 1803 2372 ——
1826 2358 1923 2379 mea-

1057 2395 1159 2437 tibus]
1173 2398 1229 2428 cfr.
1240 2398 1397 2437 Draeger,
1411 2395 1547 2438 Syntaae
1558 2406 1591 2428 u.
1602 2395 1670 2427 Stil
1681 2395 1736 2427 des
1751 2394 1795 2434 T.‚
1806 2406 1860 2436 pg.
1872 2398 1922 2428 96.

1058 2463 1095 2468 —
1111 2444 1302 2487 septimum]
1328 2445 1429 2476 Amm.
1444 2445 1541 2476 Marc.
1564 2447 1615 2482 22,
1631 2446 1661 2482 8,
1675 2446 1732 2474 45:
1747 2443 1923 2485 septimum

1058 2490 1177 2534 inqens
1192 2496 1225 2523 et
1236 2490 1389 2533 palustri
1403 2490 1516 2532 specie
1532 2490 1678 2533 nigrum.
1694 2507 1731 2513 ——
1749 2487 1922 2528 hauritur]

1056 2539 1142 2571 unde
1154 2540 1289 2578 factum,
1305 2543 1340 2570 ut
1352 2549 1422 2570 cum
1434 2540 1557 2579 reliqua
1568 2539 1708 2570 habeant
1718 2547 1809 2569 suum
1820 2537 1921 2577 quod·

1057 2597 1118 2627 que
1139 2596 1256 2617 nomen
1271 2587 1356 2626 apud
1379 2587 1551 2625 scriptores
1565 2586 1733 2625 antiquos,
1754 2585 1921 2623 septimum

1056 2635 1184 2664 nomine
1201 2637 1317 2664 careat.
1347 2633 1411 2664 Cfr.
1426 2633 1529 2664 Ukert
1542 2642 1574 2672 p.
1589 2635 1657 2664 160.
1672 2632 1778 2662 Kruse
1790 2631 1829 2662 de
1839 2628 1922 2661 Istri

1058 2680 1162 2718 ostiis,
1183 2682 1353 2712 Vratislav.
1386 2682 1476 2711 1820.

1098 2730 1127 2757 2.
1158 2725 1357 2757 adt-entibus
1381 2730 1411 2757 et
1437 2724 1606 2767 hospitiis}
1630 2725 1784 2756 Gerlach:
1811 2720 1920 2754 durch

1057 2771 1337 2815 Einwanderunq
1358 2771 1430 2803 und
1448 2769 1639 2813 qastlichen
1660 2768 1818 2801 Verkehr.
1848 2768 1920 2800 Ho-

1056 2820 1160 2862 spitia
1172 2823 1278 2851 autem
1290 2820 1448 2851 interdum
1456 2818 1751 2850 transeuntinfixas
1761 2818 1921 2856 hospitum

1056 2868 1150 2899 sedes
1165 2869 1198 2897 in
1217 2868 1308 2897 terris
1325 2867 1452 2897 exteris.
1481 2864 1519 2896 O.
1540 2864 1919 2942 Perperarffoederlein

1058 2913 1220 2945 adrentus
1238 2914 1270 2944 h.
1285 2915 1306 2943 1.
1322 2923 1431 2944 eorum
1453 2921 1525 2943 esse
1547 2913 1694 2943 existima
1717 2934 1725 2949 ,
1740 2912 1793 2951 qui
1809 2911 1920 2941 irrum-

1057 2965 1133 3002 pant
1155 2963 1186 2991 in
1209 2962 1330 3001 alienas
1352 2961 1498 2991 nationes
1522 2963 1556 2990 et
1575 2962 1698 2990 armata
1712 2967 1806 2989 manu
1821 2966 1920 2988 novas

1057 3010 1151 3040 sedes
1166 3009 1294 3048 capiant
1314 3017 1353 3039 ac
1369 3011 1518 3038 tueantur
1531 3010 1566 3038 ut
1587 3003 1737 3040 ἔποικοι
1747 3032 1756 3045 ,
1774 3003 1919 3045 hospitia

1057 3065 1183 3092 eorum,
1204 3056 1258 3095 qui
1281 3056 1445 3086 voluntate
1471 3055 1647 3084 incolarum
1671 3053 1866 3091 recipiantur
1886 3053 1920 3080 ut

1056 3105 1243 3147 μέτοικοι.
1278 3102 1342 3133 Cir.
1358 3103 1393 3132 O.
1409 3103 1458 3131 40.
1475 3098 1622 3131 adventu
1648 3098 1865 3141 hospitioque.
1883 3115 1918 3120 —

1058 3146 1240 3188 classibus]
1270 3149 1503 3180 Celeberrimae
1538 3149 1681 3178 coloniae
1714 3146 1920 3178 Phoenicum,

1058 3197 1229 3237 Lydorum,
1249 3197 1444 3227 Graecorum
1459 3196 1571 3226 Tacito
1587 3195 1638 3225 hic
1653 3194 1918 3225 obversabantur:

1058 3253 1190 3284 quarum
1204 3252 1353 3274 numerus
1368 3246 1401 3273 et
1412 3242 1558 3282 gloriain
1574 3251 1670 3272 causa
1682 3244 1766 3278 erat,
1778 3243 1813 3270 ut
1827 3247 1918 3279 prae·

1058 3294 1108 3322 ter
1127 3300 1246 3322 morem
1268 3299 1359 3321 suum
1385 3290 1485 3319 levius
1510 3289 1571 3319 hoc
1597 3291 1759 3318 statueret.
1792 3287 1918 3316 Dussn.

1059 3338 1183 3369 Etenim
1200 3338 1391 3376 persuadere
1407 3337 1467 3366 sibi
1482 3336 1650 3374 nequibat,
1671 3334 1737 3363 fleri
1753 3334 1844 3363 otiam
1860 3340 1918 3369 po·
