<?xml version="1.0" encoding="UTF-8"?>
<!DOCTYPE html PUBLIC "-//W3C//DTD XHTML 1.0 Transitional//EN"
    "http://www.w3.org/TR/xhtml1/DTD/xhtml1-transitional.dtd">
<html xmlns="http://www.w3.org/1999/xhtml" xml:lang="en" lang="en">
 <head>
  <title>
</title>
<meta http-equiv="Content-Type" content="text/html;charset=utf-8" />
  <meta name='ocr-system' content='tesseract 3.04.00' />
  <meta name='ocr-capabilities' content='ocr_page ocr_carea ocr_par ocr_line ocrx_word'/>
</head>
<body>
  <div class='ocr_page' id='page_1' title='image "./pcorneliitacitio02taciuoft_0163.png"; bbox 0 0 2176 3672; ppageno 0'>
   <div class='ocr_carea' id='block_1_1' title="bbox 154 178 1979 1382">
    <p class='ocr_par' dir='ltr' id='par_1_1' title="bbox 154 178 1979 1382">
     <span class='ocr_line' id='line_1_1' title="bbox 910 178 1944 235; baseline 0 -12"><span class='ocrx_word' id='word_1_1' title='bbox 910 178 1011 235; x_wconf 87' lang='lat' dir='ltr'>Cap.</span> <span class='ocrx_word' id='word_1_2' title='bbox 1041 178 1109 221; x_wconf 88' lang='lat'>40.</span> <span class='ocrx_word' id='word_1_3' title='bbox 1136 178 1204 221; x_wconf 90' lang='lat'>41.</span> <span class='ocrx_word' id='word_1_4' title='bbox 1862 179 1944 223; x_wconf 89' lang='lat'>145</span> 
     </span>
     <span class='ocr_line' id='line_1_2' title="bbox 162 292 1943 358; baseline -0.006 -12"><span class='ocrx_word' id='word_1_5' title='bbox 162 314 246 358; x_wconf 88' lang='lat' dir='ltr'>que</span> <span class='ocrx_word' id='word_1_6' title='bbox 281 299 340 345; x_wconf 85' lang='lat' dir='ltr'>ad</span> <span class='ocrx_word' id='word_1_7' title='bbox 373 300 523 343; x_wconf 84' lang='lat' dir='ltr'>votum</span> <span class='ocrx_word' id='word_1_8' title='bbox 558 294 828 352; x_wconf 87' lang='lat' dir='ltr'>compositae</span> <span class='ocrx_word' id='word_1_9' title='bbox 864 293 1055 338; x_wconf 86' lang='lat' dir='ltr'>civitatis</span> <span class='ocrx_word' id='word_1_10' title='bbox 1095 295 1399 348; x_wconf 79' lang='lat' dir='ltr'>argumentum</span> <span class='ocrx_word' id='word_1_11' title='bbox 1437 296 1516 338; x_wconf 89' lang='lat' dir='ltr'>est.</span> <span class='ocrx_word' id='word_1_12' title='bbox 1576 292 1674 349; x_wconf 89' lang='lat' dir='ltr'>quis</span> <span class='ocrx_word' id='word_1_13' title='bbox 1712 292 1826 336; x_wconf 90' lang='lat' dir='ltr'>enim</span> <span class='ocrx_word' id='word_1_14' title='bbox 1862 307 1943 336; x_wconf 88' lang='lat' dir='ltr'>nos</span> 
     </span>
     <span class='ocr_line' id='line_1_3' title="bbox 161 361 1944 418; baseline -0.006 -3"><span class='ocrx_word' id='word_1_15' title='bbox 161 369 349 414; x_wconf 73' lang='lat' dir='ltr'>advocat</span> <span class='ocrx_word' id='word_1_16' title='bbox 384 366 471 410; x_wconf 84' lang='lat' dir='ltr'>nisi</span> <span class='ocrx_word' id='word_1_17' title='bbox 505 369 584 409; x_wconf 90' lang='lat' dir='ltr'>aut</span> <span class='ocrx_word' id='word_1_18' title='bbox 620 378 782 408; x_wconf 86' lang='lat' dir='ltr'>nocens</span> <span class='ocrx_word' id='word_1_19' title='bbox 823 366 902 406; x_wconf 87' lang='lat' dir='ltr'>aut</span> <span class='ocrx_word' id='word_1_20' title='bbox 937 362 1098 406; x_wconf 78' lang='lat' dir='ltr'>miser?</span> <span class='ocrx_word' id='word_1_21' title='bbox 1141 361 1259 418; x_wconf 88' lang='lat' dir='ltr'>quod</span> <span class='ocrx_word' id='word_1_22' title='bbox 1296 361 1579 418; x_wconf 88' lang='lat' dir='ltr'>municipium</span> <span class='ocrx_word' id='word_1_23' title='bbox 1613 361 1659 404; x_wconf 90' lang='lat' dir='ltr'>in</span> <span class='ocrx_word' id='word_1_24' title='bbox 1695 362 1944 405; x_wconf 74' lang='lat' dir='ltr'>clientelam</span> 
     </span>
     <span class='ocr_line' id='line_1_4' title="bbox 158 430 1941 489; baseline -0.005 -6"><span class='ocrx_word' id='word_1_25' title='bbox 158 440 354 483; x_wconf 81' lang='lat' dir='ltr'>nostram</span> <span class='ocrx_word' id='word_1_26' title='bbox 382 435 502 484; x_wconf 85' lang='lat' dir='ltr'>venit</span> <span class='ocrx_word' id='word_1_27' title='bbox 515 433 615 479; x_wconf 71' lang='lat' dir='ltr'>nisi</span> <span class='ocrx_word' id='word_1_28' title='bbox 642 432 764 489; x_wconf 85' lang='lat' dir='ltr'>quod</span> <span class='ocrx_word' id='word_1_29' title='bbox 779 435 872 475; x_wconf 58' lang='lat' dir='ltr'>‘aut</span> <span class='ocrx_word' id='word_1_30' title='bbox 906 431 1074 475; x_wconf 86' lang='lat' dir='ltr'>vicinus</span> <span class='ocrx_word' id='word_1_31' title='bbox 1111 430 1302 486; x_wconf 90' lang='lat' dir='ltr'>populus</span> <span class='ocrx_word' id='word_1_32' title='bbox 1332 434 1410 474; x_wconf 92' lang='lat' dir='ltr'>aut</span> <span class='ocrx_word' id='word_1_33' title='bbox 1440 430 1682 474; x_wconf 92' lang='lat' dir='ltr'>domestica</span> <span class='ocrx_word' id='word_1_34' title='bbox 1717 430 1941 474; x_wconf 72' lang='lat' dir='ltr'>discordia</span> 
     </span>
     <span class='ocr_line' id='line_1_5' title="bbox 160 497 1944 563; baseline -0.005 -13"><span class='ocrx_word' id='word_1_35' title='bbox 160 497 345 563; x_wconf 33' lang='lat' dir='ltr'>agitat?-</span> <span class='ocrx_word' id='word_1_36' title='bbox 364 518 496 561; x_wconf 91' lang='lat' dir='ltr'>quam</span> <span class='ocrx_word' id='word_1_37' title='bbox 532 501 802 559; x_wconf 85' lang='lat' dir='ltr'>provinciam</span> <span class='ocrx_word' id='word_1_38' title='bbox 837 504 1010 544; x_wconf 80' lang='lat' dir='ltr'>tuemur</span> <span class='ocrx_word' id='word_1_39' title='bbox 1047 499 1133 542; x_wconf 90' lang='lat' dir='ltr'>nisi</span> <span class='ocrx_word' id='word_1_40' title='bbox 1178 498 1412 555; x_wconf 79' lang='lat' dir='ltr'>spoliatam</span> <span class='ocrx_word' id='word_1_41' title='bbox 1459 500 1777 556; x_wconf 75' lang='lat' dir='ltr'>vexatamque?</span> <span class='ocrx_word' id='word_1_42' title='bbox 1819 499 1944 555; x_wconf 89' lang='lat' dir='ltr'>atqui</span> 
     </span>
     <span class='ocr_line' id='line_1_6' title="bbox 159 567 1960 626; baseline -0.006 -7"><span class='ocrx_word' id='word_1_43' title='bbox 159 573 314 619; x_wconf 86' lang='lat' dir='ltr'>melius</span> <span class='ocrx_word' id='word_1_44' title='bbox 343 572 502 617; x_wconf 85' lang='lat' dir='ltr'>fuisset</span> <span class='ocrx_word' id='word_1_45' title='bbox 535 586 624 615; x_wconf 91' lang='lat' dir='ltr'>non</span> <span class='ocrx_word' id='word_1_46' title='bbox 663 569 788 626; x_wconf 88' lang='lat' dir='ltr'>queri</span> <span class='ocrx_word' id='word_1_47' title='bbox 823 583 954 625; x_wconf 91' lang='lat' dir='ltr'>quam</span> <span class='ocrx_word' id='word_1_48' title='bbox 993 567 1219 611; x_wconf 86' lang='lat' dir='ltr'>vindicari.</span> <span class='ocrx_word' id='word_1_49' title='bbox 1287 567 1446 624; x_wconf 88' lang='lat' dir='ltr'>quodsi</span> <span class='ocrx_word' id='word_1_50' title='bbox 1490 567 1758 612; x_wconf 85' lang='lat' dir='ltr'>inveniretur</span> <span class='ocrx_word' id='word_1_51' title='bbox 1793 567 1960 624; x_wconf 76' lang='lat' dir='ltr'>aliquas</span> 
     </span>
     <span class='ocr_line' id='line_1_7' title="bbox 160 637 1943 697; baseline -0.004 -10"><span class='ocrx_word' id='word_1_52' title='bbox 160 642 315 687; x_wconf 84' lang='lat' dir='ltr'>civitas</span> <span class='ocrx_word' id='word_1_53' title='bbox 343 641 390 685; x_wconf 95' lang='lat' dir='ltr'>in</span> <span class='ocrx_word' id='word_1_54' title='bbox 419 655 507 697; x_wconf 89' lang='lat' dir='ltr'>qua</span> <span class='ocrx_word' id='word_1_55' title='bbox 535 653 661 684; x_wconf 93' lang='lat' dir='ltr'>nemo</span> <span class='ocrx_word' id='word_1_56' title='bbox 690 642 907 695; x_wconf 81' lang='lat' dir='ltr'>peccaret,</span> <span class='ocrx_word' id='word_1_57' title='bbox 939 650 1234 693; x_wconf 86' lang='lat' dir='ltr'>supervacuus</span> <span class='ocrx_word' id='word_1_58' title='bbox 1265 641 1383 680; x_wconf 88' lang='lat' dir='ltr'>esset</span> <span class='ocrx_word' id='word_1_59' title='bbox 1417 637 1534 680; x_wconf 87' lang='lat' dir='ltr'>inter</span> <span class='ocrx_word' id='word_1_60' title='bbox 1562 637 1816 680; x_wconf 89' lang='lat' dir='ltr'>innocentes</span> <span class='ocrx_word' id='word_1_61' title='bbox 1846 649 1943 680; x_wconf 89' lang='lat' dir='ltr'>ora-</span> 
     </span>
     <span class='ocr_line' id='line_1_8' title="bbox 159 704 1945 761; baseline -0.004 -6"><span class='ocrx_word' id='word_1_62' title='bbox 159 714 235 756; x_wconf 79' lang='lat' dir='ltr'>tor</span> <span class='ocrx_word' id='word_1_63' title='bbox 255 709 383 754; x_wconf 36' lang='lat' dir='ltr'>*sicut</span> <span class='ocrx_word' id='word_1_64' title='bbox 419 709 536 753; x_wconf 90' lang='lat' dir='ltr'>inter</span> <span class='ocrx_word' id='word_1_65' title='bbox 571 722 702 752; x_wconf 90' lang='lat' dir='ltr'>sanos</span> <span class='ocrx_word' id='word_1_66' title='bbox 737 706 945 749; x_wconf 82' lang='lat' dir='ltr'>medicus.</span> <span class='ocrx_word' id='word_1_67' title='bbox 1006 705 1222 761; x_wconf 89' lang='lat' dir='ltr'>quomodo</span> <span class='ocrx_word' id='word_1_68' title='bbox 1253 709 1401 748; x_wconf 88' lang='lat' dir='ltr'>tamen</span> <span class='ocrx_word' id='word_1_69' title='bbox 1431 705 1656 749; x_wconf 88' lang='lat' dir='ltr'>minimum</span> <span class='ocrx_word' id='word_1_70' title='bbox 1685 719 1791 748; x_wconf 89' lang='lat' dir='ltr'>usus</span> <span class='ocrx_word' id='word_1_71' title='bbox 1819 704 1945 747; x_wconf 86' lang='lat' dir='ltr'>mini-</span> 
     </span>
     <span class='ocr_line' id='line_1_9' title="bbox 155 773 1943 835; baseline -0.004 -11"><span class='ocrx_word' id='word_1_72' title='bbox 155 782 359 835; x_wconf 86' lang='lat' dir='ltr'>mumque</span> <span class='ocrx_word' id='word_1_73' title='bbox 386 777 609 835; x_wconf 88' lang='lat' dir='ltr'>profectus</span> <span class='ocrx_word' id='word_1_74' title='bbox 640 790 712 820; x_wconf 90' lang='lat' dir='ltr'>ars</span> <span class='ocrx_word' id='word_1_75' title='bbox 741 774 955 818; x_wconf 88' lang='lat' dir='ltr'>medentis</span> <span class='ocrx_word' id='word_1_76' title='bbox 984 773 1120 817; x_wconf 90' lang='lat' dir='ltr'>habet</span> <span class='ocrx_word' id='word_1_77' title='bbox 1147 774 1193 816; x_wconf 91' lang='lat' dir='ltr'>in</span> <span class='ocrx_word' id='word_1_78' title='bbox 1221 773 1276 816; x_wconf 87' lang='lat' dir='ltr'>iis</span> <span class='ocrx_word' id='word_1_79' title='bbox 1307 774 1523 829; x_wconf 89' lang='lat' dir='ltr'>gentibus,</span> <span class='ocrx_word' id='word_1_80' title='bbox 1554 788 1666 830; x_wconf 85' lang='lat' dir='ltr'>quae</span> <span class='ocrx_word' id='word_1_81' title='bbox 1694 773 1943 817; x_wconf 86' lang='lat' dir='ltr'>firmissima</span> 
     </span>
     <span class='ocr_line' id='line_1_10' title="bbox 155 842 1942 899; baseline -0.003 -7"><span class='ocrx_word' id='word_1_82' title='bbox 155 847 397 892; x_wconf 78' lang='lat' dir='ltr'>valitudine</span> <span class='ocrx_word' id='word_1_83' title='bbox 442 860 493 889; x_wconf 89' lang='lat' dir='ltr'>ac</span> <span class='ocrx_word' id='word_1_84' title='bbox 537 843 836 889; x_wconf 82' lang='lat' dir='ltr'>saluberrimis</span> <span class='ocrx_word' id='word_1_85' title='bbox 879 842 1135 899; x_wconf 83' lang='lat' dir='ltr'>corporibus</span> <span class='ocrx_word' id='word_1_86' title='bbox 1178 846 1382 895; x_wconf 91' lang='lat' dir='ltr'>utuntur,</span> <span class='ocrx_word' id='word_1_87' title='bbox 1430 842 1493 885; x_wconf 88' lang='lat' dir='ltr'>sic</span> <span class='ocrx_word' id='word_1_88' title='bbox 1536 843 1678 886; x_wconf 90' lang='lat' dir='ltr'>minor</span> <span class='ocrx_word' id='word_1_89' title='bbox 1718 846 1942 886; x_wconf 90' lang='lat' dir='ltr'>oratorum</span> 
     </span>
     <span class='ocr_line' id='line_1_11' title="bbox 155 910 1979 970; baseline -0.004 -10"><span class='ocrx_word' id='word_1_90' title='bbox 155 915 296 960; x_wconf 81' lang='lat' dir='ltr'>honor</span> <span class='ocrx_word' id='word_1_91' title='bbox 337 914 650 970; x_wconf 87' lang='lat' dir='ltr'>obscuriorque</span> <span class='ocrx_word' id='word_1_92' title='bbox 686 912 836 968; x_wconf 18' lang='lat' dir='ltr'>*gloria</span> <span class='ocrx_word' id='word_1_93' title='bbox 880 915 948 955; x_wconf 89' lang='lat' dir='ltr'>est</span> <span class='ocrx_word' id='word_1_94' title='bbox 982 911 1098 954; x_wconf 91' lang='lat' dir='ltr'>inter</span> <span class='ocrx_word' id='word_1_95' title='bbox 1142 910 1279 954; x_wconf 93' lang='lat' dir='ltr'>bonos</span> <span class='ocrx_word' id='word_1_96' title='bbox 1317 924 1460 954; x_wconf 89' lang='lat' dir='ltr'>mores</span> <span class='ocrx_word' id='word_1_97' title='bbox 1505 914 1550 954; x_wconf 90' lang='lat' dir='ltr'>et</span> <span class='ocrx_word' id='word_1_98' title='bbox 1592 911 1639 954; x_wconf 90' lang='lat' dir='ltr'>in</span> <span class='ocrx_word' id='word_1_99' title='bbox 1686 910 1979 967; x_wconf 80' lang='lat' dir='ltr'>obsequiumm</span> 
     </span>
     <span class='ocr_line' id='line_1_12' title="bbox 155 979 1945 1039; baseline -0.002 -12"><span class='ocrx_word' id='word_1_100' title='bbox 155 983 346 1039; x_wconf 80' lang='lat' dir='ltr'>regentis</span> <span class='ocrx_word' id='word_1_101' title='bbox 374 986 568 1039; x_wconf 89' lang='lat' dir='ltr'>paratos.</span> <span class='ocrx_word' id='word_1_102' title='bbox 627 981 734 1038; x_wconf 90' lang='lat' dir='ltr'>quid</span> <span class='ocrx_word' id='word_1_103' title='bbox 763 980 877 1024; x_wconf 90' lang='lat' dir='ltr'>enim</span> <span class='ocrx_word' id='word_1_104' title='bbox 906 994 1015 1036; x_wconf 90' lang='lat' dir='ltr'>opus</span> <span class='ocrx_word' id='word_1_105' title='bbox 1045 982 1113 1022; x_wconf 91' lang='lat' dir='ltr'>est</span> <span class='ocrx_word' id='word_1_106' title='bbox 1141 979 1285 1034; x_wconf 86' lang='lat' dir='ltr'>longis</span> <span class='ocrx_word' id='word_1_107' title='bbox 1314 979 1360 1022; x_wconf 93' lang='lat' dir='ltr'>in</span> <span class='ocrx_word' id='word_1_108' title='bbox 1390 980 1546 1022; x_wconf 87' lang='lat' dir='ltr'>senatu</span> <span class='ocrx_word' id='word_1_109' title='bbox 1576 979 1815 1033; x_wconf 87' lang='lat' dir='ltr'>sententiis,</span> <span class='ocrx_word' id='word_1_110' title='bbox 1847 994 1945 1023; x_wconf 91' lang='lat' dir='ltr'>cum</span> 
     </span>
     <span class='ocr_line' id='line_1_13' title="bbox 157 1047 1945 1109; baseline -0.002 -13"><span class='ocrx_word' id='word_1_111' title='bbox 157 1052 313 1109; x_wconf 86' lang='lat' dir='ltr'>optimi</span> <span class='ocrx_word' id='word_1_112' title='bbox 341 1051 430 1095; x_wconf 88' lang='lat' dir='ltr'>cito</span> <span class='ocrx_word' id='word_1_113' title='bbox 461 1050 765 1095; x_wconf 76' lang='lat' dir='ltr'>consentiant?</span> <span class='ocrx_word' id='word_1_114' title='bbox 803 1049 910 1105; x_wconf 89' lang='lat' dir='ltr'>quid</span> <span class='ocrx_word' id='word_1_115' title='bbox 937 1048 1088 1091; x_wconf 89' lang='lat' dir='ltr'>multis</span> <span class='ocrx_word' id='word_1_116' title='bbox 1118 1047 1237 1103; x_wconf 88' lang='lat' dir='ltr'>apud</span> <span class='ocrx_word' id='word_1_117' title='bbox 1265 1047 1478 1103; x_wconf 91' lang='lat' dir='ltr'>populum</span> <span class='ocrx_word' id='word_1_118' title='bbox 1507 1048 1806 1103; x_wconf 89' lang='lat' dir='ltr'>contionibus,</span> <span class='ocrx_word' id='word_1_119' title='bbox 1847 1063 1945 1092; x_wconf 91' lang='lat' dir='ltr'>cum</span> 
     </span>
     <span class='ocr_line' id='line_1_14' title="bbox 159 1115 1943 1176; baseline -0.002 -12"><span class='ocrx_word' id='word_1_120' title='bbox 159 1120 214 1164; x_wconf 86' lang='lat' dir='ltr'>de</span> <span class='ocrx_word' id='word_1_121' title='bbox 241 1134 290 1164; x_wconf 91' lang='lat' dir='ltr'>re</span> <span class='ocrx_word' id='word_1_122' title='bbox 319 1119 498 1176; x_wconf 89' lang='lat' dir='ltr'>publica</span> <span class='ocrx_word' id='word_1_123' title='bbox 527 1133 614 1163; x_wconf 91' lang='lat' dir='ltr'>non</span> <span class='ocrx_word' id='word_1_124' title='bbox 642 1117 834 1174; x_wconf 89' lang='lat' dir='ltr'>imperiti</span> <span class='ocrx_word' id='word_1_125' title='bbox 864 1121 909 1161; x_wconf 92' lang='lat' dir='ltr'>et</span> <span class='ocrx_word' id='word_1_126' title='bbox 936 1116 1064 1159; x_wconf 88' lang='lat' dir='ltr'>multi</span> <span class='ocrx_word' id='word_1_127' title='bbox 1101 1115 1362 1169; x_wconf 86' lang='lat' dir='ltr'>deliberent,</span> <span class='ocrx_word' id='word_1_128' title='bbox 1408 1116 1486 1160; x_wconf 90' lang='lat' dir='ltr'>sed</span> <span class='ocrx_word' id='word_1_129' title='bbox 1516 1116 1867 1172; x_wconf 87' lang='lat' dir='ltr'>sapientissimus</span> <span class='ocrx_word' id='word_1_130' title='bbox 1899 1120 1943 1160; x_wconf 91' lang='lat' dir='ltr'>et</span> 
     </span>
     <span class='ocr_line' id='line_1_15' title="bbox 154 1185 1940 1244; baseline -0.002 -12"><span class='ocrx_word' id='word_1_131' title='bbox 154 1189 295 1242; x_wconf 79' lang='lat' dir='ltr'>unus?</span> <span class='ocrx_word' id='word_1_132' title='bbox 339 1188 446 1244; x_wconf 87' lang='lat' dir='ltr'>quid</span> <span class='ocrx_word' id='word_1_133' title='bbox 488 1187 747 1232; x_wconf 84' lang='lat' dir='ltr'>voluntariis</span> <span class='ocrx_word' id='word_1_134' title='bbox 788 1185 1163 1238; x_wconf 75' lang='lat' dir='ltr'>accusationibuS,</span> <span class='ocrx_word' id='word_1_135' title='bbox 1202 1199 1300 1228; x_wconf 92' lang='lat' dir='ltr'>cum</span> <span class='ocrx_word' id='word_1_136' title='bbox 1343 1188 1436 1228; x_wconf 87' lang='lat' dir='ltr'>tam</span> <span class='ocrx_word' id='word_1_137' title='bbox 1478 1199 1578 1228; x_wconf 90' lang='lat' dir='ltr'>raro</span> <span class='ocrx_word' id='word_1_138' title='bbox 1609 1189 1654 1229; x_wconf 93' lang='lat' dir='ltr'>et</span> <span class='ocrx_word' id='word_1_139' title='bbox 1689 1188 1779 1228; x_wconf 90' lang='lat' dir='ltr'>tam</span> <span class='ocrx_word' id='word_1_140' title='bbox 1808 1199 1940 1242; x_wconf 90' lang='lat' dir='ltr'>parce</span> 
     </span>
     <span class='ocr_line' id='line_1_16' title="bbox 154 1253 1977 1314; baseline -0.002 -13"><span class='ocrx_word' id='word_1_141' title='bbox 154 1257 389 1314; x_wconf 78' lang='lat' dir='ltr'>peccetur?</span> <span class='ocrx_word' id='word_1_142' title='bbox 418 1255 525 1313; x_wconf 90' lang='lat' dir='ltr'>quid</span> <span class='ocrx_word' id='word_1_143' title='bbox 553 1255 779 1306; x_wconf 79' lang='lat' dir='ltr'>invidiosis</span> <span class='ocrx_word' id='word_1_144' title='bbox 820 1258 864 1298; x_wconf 91' lang='lat' dir='ltr'>et</span> <span class='ocrx_word' id='word_1_145' title='bbox 899 1253 1208 1297; x_wconf 86' lang='lat' dir='ltr'>excedentibus</span> <span class='ocrx_word' id='word_1_146' title='bbox 1243 1253 1421 1296; x_wconf 89' lang='lat' dir='ltr'>modum</span> <span class='ocrx_word' id='word_1_147' title='bbox 1459 1253 1804 1307; x_wconf 84' lang='lat' dir='ltr'>defensionibus,</span> <span class='ocrx_word' id='word_1_148' title='bbox 1844 1266 1977 1298; x_wconf 82' lang='lat' dir='ltr'>cum1⁵</span> 
     </span>
     <span class='ocr_line' id='line_1_17' title="bbox 156 1321 1943 1382; baseline -0.002 -13"><span class='ocrx_word' id='word_1_149' title='bbox 156 1323 386 1369; x_wconf 86' lang='lat' dir='ltr'>clementia</span> <span class='ocrx_word' id='word_1_150' title='bbox 415 1324 714 1382; x_wconf 86' lang='lat' dir='ltr'>cognoscentis</span> <span class='ocrx_word' id='word_1_151' title='bbox 751 1322 922 1366; x_wconf 85' lang='lat' dir='ltr'>obviam</span> <span class='ocrx_word' id='word_1_152' title='bbox 958 1321 1311 1378; x_wconf 87' lang='lat' dir='ltr'>periclitantibus</span> <span class='ocrx_word' id='word_1_153' title='bbox 1347 1322 1447 1365; x_wconf 86' lang='lat' dir='ltr'>eat‘?</span> <span class='ocrx_word' id='word_1_154' title='bbox 1485 1321 1670 1377; x_wconf 89' lang='lat' dir='ltr'>credite,</span> <span class='ocrx_word' id='word_1_155' title='bbox 1707 1322 1862 1380; x_wconf 91' lang='lat' dir='ltr'>optimi</span> <span class='ocrx_word' id='word_1_156' title='bbox 1898 1326 1943 1366; x_wconf 90' lang='lat' dir='ltr'>et</span> 
     </span>
    </p>
   </div>
   <div class='ocr_carea' id='block_1_2' title="bbox 1260 1492 1429 1528">
    <p class='ocr_par' dir='ltr' id='par_1_2' title="bbox 1260 1492 1429 1528">
     <span class='ocr_line' id='line_1_18' title="bbox 1260 1492 1429 1528; baseline 0 -8"><span class='ocrx_word' id='word_1_157' title='bbox 1260 1493 1331 1528; x_wconf 78' lang='lat' dir='ltr'>quis</span> <span class='ocrx_word' id='word_1_158' title='bbox 1348 1492 1429 1520; x_wconf 86' lang='lat' dir='ltr'>enim</span> 
     </span>
    </p>
   </div>
   <div class='ocr_carea' id='block_1_3' title="bbox 149 1530 1942 1911">
    <p class='ocr_par' dir='ltr' id='par_1_3' title="bbox 149 1530 1942 1858">
     <span class='ocr_line' id='line_1_19' title="bbox 271 1530 1940 1584; baseline -0.001 -13"><span class='ocrx_word' id='word_1_159' title='bbox 271 1533 307 1571; x_wconf 90' lang='lat'>1.</span> <span class='ocrx_word' id='word_1_160' title='bbox 339 1533 419 1583; x_wconf 76' lang='lat' dir='ltr'>quis</span> <span class='ocrx_word' id='word_1_161' title='bbox 449 1534 540 1572; x_wconf 88' lang='lat' dir='ltr'>enim</span> <span class='ocrx_word' id='word_1_162' title='bbox 571 1534 618 1572; x_wconf 82' lang='lat'>0:</span> <span class='ocrx_word' id='word_1_163' title='bbox 660 1533 748 1584; x_wconf 85' lang='lat' dir='ltr'>quid</span> <span class='ocrx_word' id='word_1_164' title='bbox 777 1534 868 1571; x_wconf 83' lang='lat' dir='ltr'>enim</span> <span class='ocrx_word' id='word_1_165' title='bbox 898 1533 997 1583; x_wconf 83' lang='lat' dir='ltr'>quod</span> <span class='ocrx_word' id='word_1_166' title='bbox 1031 1544 1132 1570; x_wconf 86' lang='lat' dir='ltr'>nemo</span> <span class='ocrx_word' id='word_1_167' title='bbox 1168 1530 1222 1579; x_wconf 82' lang='lat' dir='ltr'>B;</span> <span class='ocrx_word' id='word_1_168' title='bbox 1266 1531 1420 1578; x_wconf 79' lang='lat' dir='ltr'>Quidem</span> <span class='ocrx_word' id='word_1_169' title='bbox 1456 1531 1556 1582; x_wconf 82' lang='lat' dir='ltr'>quod</span> <span class='ocrx_word' id='word_1_170' title='bbox 1590 1542 1692 1570; x_wconf 81' lang='lat' dir='ltr'>nemo</span> <span class='ocrx_word' id='word_1_171' title='bbox 1727 1532 1772 1571; x_wconf 91' lang='lat' dir='ltr'>A.</span> <span class='ocrx_word' id='word_1_172' title='bbox 1810 1553 1863 1561; x_wconf 91' lang='lat'><em>-</em></span> <span class='ocrx_word' id='word_1_173' title='bbox 1902 1531 1940 1570; x_wconf 83' lang='lat'>2.</span> 
     </span>
     <span class='ocr_line' id='line_1_20' title="bbox 153 1600 1938 1650; baseline -0.001 -10"><span class='ocrx_word' id='word_1_174' title='bbox 153 1601 350 1640; x_wconf 73' lang='lat' dir='ltr'>clientelam</span> <span class='ocrx_word' id='word_1_175' title='bbox 385 1603 581 1641; x_wconf 79' lang='lat' dir='ltr'>Pithoeus:</span> <span class='ocrx_word' id='word_1_176' title='bbox 620 1602 796 1641; x_wconf 83' lang='lat' dir='ltr'>civitatem</span> <span class='ocrx_word' id='word_1_177' title='bbox 832 1600 906 1639; x_wconf 91' lang='lat' dir='ltr'>AB</span> <span class='ocrx_word' id='word_1_178' title='bbox 918 1603 959 1640; x_wconf 85' lang='lat' dir='ltr'>C.</span> <span class='ocrx_word' id='word_1_179' title='bbox 998 1623 1050 1630; x_wconf 89' lang='lat'>--</span> <span class='ocrx_word' id='word_1_180' title='bbox 1092 1602 1129 1639; x_wconf 89' lang='lat'>5.</span> <span class='ocrx_word' id='word_1_181' title='bbox 1165 1613 1238 1638; x_wconf 86' lang='lat' dir='ltr'>non</span> <span class='ocrx_word' id='word_1_182' title='bbox 1258 1601 1346 1650; x_wconf 82' lang='lat' dir='ltr'>fieri</span> <span class='ocrx_word' id='word_1_183' title='bbox 1372 1602 1551 1639; x_wconf 81' lang='lat' dir='ltr'>Muretus.</span> <span class='ocrx_word' id='word_1_184' title='bbox 1582 1621 1635 1629; x_wconf 94' lang='lat'><strong>—</strong></span> <span class='ocrx_word' id='word_1_185' title='bbox 1669 1602 1707 1638; x_wconf 82' lang='lat'>7.</span> <span class='ocrx_word' id='word_1_186' title='bbox 1738 1605 1857 1638; x_wconf 82' lang='lat' dir='ltr'>tamen</span> <span class='ocrx_word' id='word_1_187' title='bbox 1887 1601 1938 1638; x_wconf 85' lang='lat' dir='ltr'>C:</span> 
     </span>
     <span class='ocr_line' id='line_1_21' title="bbox 151 1668 1938 1719; baseline -0.001 -12"><span class='ocrx_word' id='word_1_188' title='bbox 151 1668 236 1708; x_wconf 83' lang='lat' dir='ltr'>inde</span> <span class='ocrx_word' id='word_1_189' title='bbox 272 1669 350 1708; x_wconf 87' lang='lat' dir='ltr'>AB</span> <span class='ocrx_word' id='word_1_190' title='bbox 388 1671 480 1708; x_wconf 84' lang='lat' dir='ltr'>enim</span> <span class='ocrx_word' id='word_1_191' title='bbox 508 1672 700 1709; x_wconf 77' lang='lat' dir='ltr'>Heumann</span> <span class='ocrx_word' id='word_1_192' title='bbox 736 1675 855 1708; x_wconf 79' lang='lat' dir='ltr'>autem</span> <span class='ocrx_word' id='word_1_193' title='bbox 889 1670 1080 1708; x_wconf 82' lang='lat' dir='ltr'>Michaelis</span> <span class='ocrx_word' id='word_1_194' title='bbox 1116 1670 1225 1719; x_wconf 75' lang='lat' dir='ltr'>iqitur</span> <span class='ocrx_word' id='word_1_195' title='bbox 1254 1670 1415 1707; x_wconf 89' lang='lat' dir='ltr'>Schoell.</span> <span class='ocrx_word' id='word_1_196' title='bbox 1454 1690 1508 1698; x_wconf 95' lang='lat'>—</span> <span class='ocrx_word' id='word_1_197' title='bbox 1549 1668 1614 1708; x_wconf 91' lang='lat'>10.</span> <span class='ocrx_word' id='word_1_198' title='bbox 1652 1668 1766 1706; x_wconf 78' lang='lat' dir='ltr'>bonor</span> <span class='ocrx_word' id='word_1_199' title='bbox 1801 1669 1938 1706; x_wconf 88' lang='lat' dir='ltr'>Orelli:</span> 
     </span>
     <span class='ocr_line' id='line_1_22' title="bbox 149 1736 1942 1788; baseline 0 -13"><span class='ocrx_word' id='word_1_200' title='bbox 149 1737 279 1775; x_wconf 77' lang='lat' dir='ltr'>borum</span> <span class='ocrx_word' id='word_1_201' title='bbox 307 1738 426 1777; x_wconf 80' lang='lat' dir='ltr'>ABc</span> <span class='ocrx_word' id='word_1_202' title='bbox 453 1744 661 1777; x_wconf 80' lang='lat' dir='ltr'>nostrorum</span> <span class='ocrx_word' id='word_1_203' title='bbox 688 1740 891 1786; x_wconf 74' lang='lat' dir='ltr'>Michaelis,</span> <span class='ocrx_word' id='word_1_204' title='bbox 924 1752 995 1776; x_wconf 93' lang='lat' dir='ltr'>om.</span> <span class='ocrx_word' id='word_1_205' title='bbox 1023 1740 1235 1776; x_wconf 85' lang='lat' dir='ltr'>Rhenanus.</span> <span class='ocrx_word' id='word_1_206' title='bbox 1264 1759 1322 1766; x_wconf 90' lang='lat'>—-</span> <span class='ocrx_word' id='word_1_207' title='bbox 1351 1737 1535 1776; x_wconf 81' lang='lat' dir='ltr'>obscurior</span> <span class='ocrx_word' id='word_1_208' title='bbox 1566 1737 1606 1775; x_wconf 89' lang='lat' dir='ltr'>C.</span> <span class='ocrx_word' id='word_1_209' title='bbox 1637 1759 1689 1766; x_wconf 91' lang='lat'>—</span> <span class='ocrx_word' id='word_1_210' title='bbox 1726 1736 1789 1775; x_wconf 86' lang='lat'>12.</span> <span class='ocrx_word' id='word_1_211' title='bbox 1820 1737 1942 1788; x_wconf 81' lang='lat' dir='ltr'>optimi</span> 
     </span>
     <span class='ocr_line' id='line_1_23' title="bbox 156 1805 1561 1858; baseline 0 -14"><span class='ocrx_word' id='word_1_212' title='bbox 156 1807 377 1845; x_wconf 85' lang='lat' dir='ltr'>Rhenanus:</span> <span class='ocrx_word' id='word_1_213' title='bbox 407 1808 542 1857; x_wconf 79' lang='lat' dir='ltr'>optima</span> <span class='ocrx_word' id='word_1_214' title='bbox 573 1806 649 1845; x_wconf 89' lang='lat' dir='ltr'>AB</span> <span class='ocrx_word' id='word_1_215' title='bbox 660 1808 701 1846; x_wconf 86' lang='lat' dir='ltr'>C.</span> <span class='ocrx_word' id='word_1_216' title='bbox 731 1829 786 1836; x_wconf 95' lang='lat'>—-</span> <span class='ocrx_word' id='word_1_217' title='bbox 822 1808 887 1846; x_wconf 89' lang='lat'>15.</span> <span class='ocrx_word' id='word_1_218' title='bbox 917 1805 1189 1858; x_wconf 78' lang='lat' dir='ltr'>[orationibus]</span> <span class='ocrx_word' id='word_1_219' title='bbox 1219 1805 1488 1856; x_wconf 71' lang='lat' dir='ltr'>defensionibus</span> <span class='ocrx_word' id='word_1_220' title='bbox 1513 1805 1561 1848; x_wconf 88' lang='grc' dir='ltr'>Β.</span> 
     </span>
    </p>

    <p class='ocr_par' dir='ltr' id='par_1_4' title="bbox 166 1880 189 1911">
     <span class='ocr_line' id='line_1_24' title="bbox 166 1880 189 1911; baseline 0 0"><span class='ocrx_word' id='word_1_221' title='bbox 166 1880 189 1911; x_wconf 62' lang='grc' dir='ltr'><strong>Χ</strong></span> 
     </span>
    </p>
   </div>
   <div class='ocr_carea' id='block_1_4' title="bbox 145 1972 1938 2369">
    <p class='ocr_par' dir='ltr' id='par_1_5' title="bbox 145 1972 1938 2369">
     <span class='ocr_line' id='line_1_25' title="bbox 181 1972 1938 2009; baseline -0.001 -8"><span class='ocrx_word' id='word_1_222' title='bbox 181 1974 206 2001; x_wconf 91' lang='grc'>1.</span> <span class='ocrx_word' id='word_1_223' title='bbox 235 1972 303 2007; x_wconf 74' lang='lat' dir='ltr'>quis</span> <span class='ocrx_word' id='word_1_224' title='bbox 332 1972 426 2006; x_wconf 88' lang='lat' dir='ltr'>enim]</span> <span class='ocrx_word' id='word_1_225' title='bbox 458 1973 535 2001; x_wconf 86' lang='lat' dir='ltr'>scite</span> <span class='ocrx_word' id='word_1_226' title='bbox 564 1974 700 2009; x_wconf 79' lang='lat' dir='ltr'>Machly,</span> <span class='ocrx_word' id='word_1_227' title='bbox 730 1974 752 2001; x_wconf 93' lang='lat'>1.</span> <span class='ocrx_word' id='word_1_228' title='bbox 783 1974 805 2000; x_wconf 93' lang='lat'>1.</span> <span class='ocrx_word' id='word_1_229' title='bbox 836 1982 865 2006; x_wconf 89' lang='lat' dir='ltr'>p.</span> <span class='ocrx_word' id='word_1_230' title='bbox 894 1975 927 2000; x_wconf 80' lang='lat'>26</span> <span class='ocrx_word' id='word_1_231' title='bbox 958 1981 1022 2000; x_wconf 88' lang='lat' dir='ltr'>sus·</span> <span class='ocrx_word' id='word_1_232' title='bbox 1058 1979 1150 2006; x_wconf 88' lang='lat' dir='ltr'>quam</span> <span class='ocrx_word' id='word_1_233' title='bbox 1173 1979 1298 1999; x_wconf 84' lang='lat' dir='ltr'>suorum</span> <span class='ocrx_word' id='word_1_234' title='bbox 1322 1973 1495 2005; x_wconf 87' lang='lat' dir='ltr'>temporum</span> <span class='ocrx_word' id='word_1_235' title='bbox 1517 1978 1582 1999; x_wconf 90' lang='lat' dir='ltr'>rem</span> <span class='ocrx_word' id='word_1_236' title='bbox 1605 1972 1761 2005; x_wconf 81' lang='lat' dir='ltr'>publicam</span> <span class='ocrx_word' id='word_1_237' title='bbox 1778 1973 1938 2000; x_wconf 82' lang='lat' dir='ltr'>Maternus</span> 
     </span>
     <span class='ocr_line' id='line_1_26' title="bbox 146 2017 1933 2051; baseline 0.001 -7"><span class='ocrx_word' id='word_1_238' title='bbox 146 2017 268 2050; x_wconf 86' lang='lat' dir='ltr'>pioatur</span> <span class='ocrx_word' id='word_1_239' title='bbox 292 2018 492 2051; x_wconf 82' lang='lat' dir='ltr'>depravatam</span> <span class='ocrx_word' id='word_1_240' title='bbox 515 2019 665 2046; x_wconf 83' lang='lat' dir='ltr'>librorum</span> <span class='ocrx_word' id='word_1_241' title='bbox 688 2019 716 2046; x_wconf 77' lang='lat' dir='ltr'>A</span> <span class='ocrx_word' id='word_1_242' title='bbox 740 2021 770 2045; x_wconf 89' lang='lat' dir='ltr'>et</span> <span class='ocrx_word' id='word_1_243' title='bbox 787 2019 812 2045; x_wconf 86' lang='lat' dir='ltr'>B</span> <span class='ocrx_word' id='word_1_244' title='bbox 837 2019 1023 2051; x_wconf 76' lang='lat' dir='ltr'>scripturam</span> <span class='ocrx_word' id='word_1_245' title='bbox 1057 2025 1120 2044; x_wconf 90' lang='lat' dir='ltr'>non</span> <span class='ocrx_word' id='word_1_246' title='bbox 1143 2025 1269 2050; x_wconf 88' lang='lat' dir='ltr'>prorsus</span> <span class='ocrx_word' id='word_1_247' title='bbox 1297 2017 1478 2044; x_wconf 79' lang='lat' dir='ltr'>dissimilem</span> <span class='ocrx_word' id='word_1_248' title='bbox 1495 2019 1584 2050; x_wconf 81' lang='lat' dir='ltr'>putat</span> <span class='ocrx_word' id='word_1_249' title='bbox 1606 2018 1762 2050; x_wconf 71' lang='lat' dir='ltr'>perfectae</span> <span class='ocrx_word' id='word_1_250' title='bbox 1779 2019 1867 2046; x_wconf 87' lang='lat' dir='ltr'>illius</span> <span class='ocrx_word' id='word_1_251' title='bbox 1887 2019 1933 2045; x_wconf 89' lang='lat' dir='ltr'>rei</span> 
     </span>
     <span class='ocr_line' id='line_1_27' title="bbox 146 2063 1934 2098; baseline 0.001 -9"><span class='ocrx_word' id='word_1_252' title='bbox 146 2063 231 2094; x_wconf 86' lang='lat' dir='ltr'>(nam</span> <span class='ocrx_word' id='word_1_253' title='bbox 260 2063 453 2095; x_wconf 86' lang='lat' dir='ltr'>sequentium</span> <span class='ocrx_word' id='word_1_254' title='bbox 482 2063 763 2098; x_wconf 73' lang='lat' dir='ltr'>interrogationum</span> <span class='ocrx_word' id='word_1_255' title='bbox 791 2064 892 2091; x_wconf 70' lang='lat' dir='ltr'>torma</span> <span class='ocrx_word' id='word_1_256' title='bbox 922 2065 1022 2091; x_wconf 85' lang='lat' dir='ltr'>simil-</span> <span class='ocrx_word' id='word_1_257' title='bbox 1055 2063 1198 2096; x_wconf 80' lang='lat' dir='ltr'>publicae</span> <span class='ocrx_word' id='word_1_258' title='bbox 1227 2063 1370 2096; x_wconf 83' lang='lat' dir='ltr'>imagini,</span> <span class='ocrx_word' id='word_1_259' title='bbox 1400 2070 1490 2095; x_wconf 77' lang='lat' dir='ltr'>quam</span> <span class='ocrx_word' id='word_1_260' title='bbox 1519 2063 1617 2096; x_wconf 81' lang='lat' dir='ltr'>ipsam</span> <span class='ocrx_word' id='word_1_261' title='bbox 1653 2071 1774 2096; x_wconf 87' lang='lat' dir='ltr'>quoqne</span> <span class='ocrx_word' id='word_1_262' title='bbox 1804 2064 1842 2091; x_wconf 88' lang='lat' dir='ltr'>ab</span> <span class='ocrx_word' id='word_1_263' title='bbox 1871 2071 1934 2091; x_wconf 88' lang='lat' dir='ltr'>uno</span> 
     </span>
     <span class='ocr_line' id='line_1_28' title="bbox 146 2098 1934 2143; baseline 0.001 -8"><span class='ocrx_word' id='word_1_264' title='bbox 146 2107 222 2135; x_wconf 78' lang='lat' dir='ltr'>lima</span> <span class='ocrx_word' id='word_1_265' title='bbox 242 2098 276 2135; x_wconf 80' lang='lat' dir='ltr'>in</span> <span class='ocrx_word' id='word_1_266' title='bbox 294 2107 316 2135; x_wconf 87' lang='lat'><em>0</em></span> <span class='ocrx_word' id='word_1_267' title='bbox 332 2115 438 2135; x_wconf 80' lang='lat' dir='ltr'>veram</span> <span class='ocrx_word' id='word_1_268' title='bbox 461 2109 644 2142; x_wconf 79' lang='lat' dir='ltr'>scripturam</span> <span class='ocrx_word' id='word_1_269' title='bbox 667 2111 821 2136; x_wconf 81' lang='lat' dir='ltr'>servatam</span> <span class='ocrx_word' id='word_1_270' title='bbox 846 2116 913 2136; x_wconf 89' lang='lat' dir='ltr'>esse</span> <span class='ocrx_word' id='word_1_271' title='bbox 939 2110 1022 2137; x_wconf 83' lang='lat' dir='ltr'>evin-</span> <span class='ocrx_word' id='word_1_272' title='bbox 1056 2108 1236 2140; x_wconf 86' lang='lat' dir='ltr'>(eodemque</span> <span class='ocrx_word' id='word_1_273' title='bbox 1254 2109 1493 2141; x_wconf 85' lang='lat' dir='ltr'>sapientissimo)</span> <span class='ocrx_word' id='word_1_274' title='bbox 1511 2109 1579 2142; x_wconf 77' lang='lat' dir='ltr'>regi</span> <span class='ocrx_word' id='word_1_275' title='bbox 1597 2111 1739 2142; x_wconf 74' lang='lat' dir='ltr'>oportere</span> <span class='ocrx_word' id='word_1_276' title='bbox 1765 2109 1934 2143; x_wconf 84' lang='lat' dir='ltr'>existimat,</span> 
     </span>
     <span class='ocr_line' id='line_1_29' title="bbox 145 2152 1935 2190; baseline 0.001 -10"><span class='ocrx_word' id='word_1_277' title='bbox 145 2152 203 2185; x_wconf 78' lang='lat' dir='ltr'>eit)</span> <span class='ocrx_word' id='word_1_278' title='bbox 234 2155 339 2180; x_wconf 83' lang='lat' dir='ltr'>natam</span> <span class='ocrx_word' id='word_1_279' title='bbox 361 2161 428 2181; x_wconf 88' lang='lat' dir='ltr'>esse</span> <span class='ocrx_word' id='word_1_280' title='bbox 450 2160 490 2181; x_wconf 89' lang='lat' dir='ltr'>ex</span> <span class='ocrx_word' id='word_1_281' title='bbox 517 2154 702 2187; x_wconf 76' lang='lat' dir='ltr'>glossemate</span> <span class='ocrx_word' id='word_1_282' title='bbox 731 2153 809 2181; x_wconf 79' lang='lat' dir='ltr'>idem</span> <span class='ocrx_word' id='word_1_283' title='bbox 836 2153 917 2188; x_wconf 83' lang='lat' dir='ltr'>quod</span> <span class='ocrx_word' id='word_1_284' title='bbox 937 2162 1023 2182; x_wconf 84' lang='lat' dir='ltr'>nemo</span> <span class='ocrx_word' id='word_1_285' title='bbox 1057 2153 1106 2180; x_wconf 88' lang='lat' dir='ltr'>oui</span> <span class='ocrx_word' id='word_1_286' title='bbox 1125 2153 1238 2186; x_wconf 83' lang='lat' dir='ltr'>reliqui</span> <span class='ocrx_word' id='word_1_287' title='bbox 1261 2161 1426 2186; x_wconf 76' lang='lat' dir='ltr'>numquam</span> <span class='ocrx_word' id='word_1_288' title='bbox 1445 2154 1574 2186; x_wconf 87' lang='lat' dir='ltr'>obsequi</span> <span class='ocrx_word' id='word_1_289' title='bbox 1598 2155 1709 2183; x_wconf 86' lang='lat' dir='ltr'>nolint.</span> <span class='ocrx_word' id='word_1_290' title='bbox 1726 2169 1760 2175; x_wconf 91' lang='lat'>—-</span> <span class='ocrx_word' id='word_1_291' title='bbox 1778 2154 1879 2190; x_wconf 74' lang='lat' dir='ltr'>lonyis</span> <span class='ocrx_word' id='word_1_292' title='bbox 1903 2155 1935 2182; x_wconf 88' lang='lat' dir='ltr'>in</span> 
     </span>
     <span class='ocr_line' id='line_1_30' title="bbox 149 2198 1935 2234; baseline 0.001 -8"><span class='ocrx_word' id='word_1_293' title='bbox 149 2198 331 2231; x_wconf 78' lang='lat' dir='ltr'>explicandi</span> <span class='ocrx_word' id='word_1_294' title='bbox 349 2199 449 2232; x_wconf 77' lang='lat' dir='ltr'>gratia</span> <span class='ocrx_word' id='word_1_295' title='bbox 465 2200 644 2232; x_wconf 80' lang='lat' dir='ltr'>pronomini</span> <span class='ocrx_word' id='word_1_296' title='bbox 661 2199 728 2234; x_wconf 73' lang='lat' dir='ltr'>quis</span> <span class='ocrx_word' id='word_1_297' title='bbox 745 2201 970 2233; x_wconf 81' lang='lat' dir='ltr'>suprascripto.</span> <span class='ocrx_word' id='word_1_298' title='bbox 988 2216 1023 2221; x_wconf 88' lang='lat'><strong>—</strong></span> <span class='ocrx_word' id='word_1_299' title='bbox 1055 2200 1163 2225; x_wconf 77' lang='lat' dir='ltr'>senatu</span> <span class='ocrx_word' id='word_1_300' title='bbox 1186 2198 1360 2232; x_wconf 76' lang='lat' dir='ltr'>sententiis]</span> <span class='ocrx_word' id='word_1_301' title='bbox 1384 2200 1434 2226; x_wconf 87' lang='lat' dir='ltr'>his</span> <span class='ocrx_word' id='word_1_302' title='bbox 1464 2199 1648 2233; x_wconf 75' lang='lat' dir='ltr'>perstringit</span> <span class='ocrx_word' id='word_1_303' title='bbox 1671 2200 1829 2227; x_wconf 72' lang='lat' dir='ltr'>Maternus</span> <span class='ocrx_word' id='word_1_304' title='bbox 1856 2207 1935 2233; x_wconf 88' lang='lat' dir='ltr'>quae</span> 
     </span>
     <span class='ocr_line' id='line_1_31' title="bbox 147 2243 1935 2280; baseline 0.002 -10"><span class='ocrx_word' id='word_1_305' title='bbox 147 2244 174 2271; x_wconf 78' lang='lat'>2.</span> <span class='ocrx_word' id='word_1_306' title='bbox 191 2243 372 2277; x_wconf 75' lang='lat' dir='ltr'>clientelam]</span> <span class='ocrx_word' id='word_1_307' title='bbox 390 2246 425 2271; x_wconf 87' lang='lat' dir='ltr'>ut</span> <span class='ocrx_word' id='word_1_308' title='bbox 442 2252 467 2272; x_wconf 86' lang='lat' dir='ltr'>e.</span> <span class='ocrx_word' id='word_1_309' title='bbox 485 2247 516 2272; x_wconf 70' lang='grc' dir='ltr'>δε</span> <span class='ocrx_word' id='word_1_310' title='bbox 537 2247 578 2272; x_wconf 85' lang='lat' dir='ltr'>tot</span> <span class='ocrx_word' id='word_1_311' title='bbox 595 2244 782 2272; x_wconf 83' lang='lat' dir='ltr'>coloniarum</span> <span class='ocrx_word' id='word_1_312' title='bbox 796 2247 827 2271; x_wconf 84' lang='lat' dir='ltr'>et</span> <span class='ocrx_word' id='word_1_313' title='bbox 843 2245 1023 2280; x_wconf 83' lang='lat' dir='ltr'>municipio-</span> <span class='ocrx_word' id='word_1_314' title='bbox 1055 2244 1204 2271; x_wconf 79' lang='lat' dir='ltr'>Messalla</span> <span class='ocrx_word' id='word_1_315' title='bbox 1231 2245 1424 2276; x_wconf 80' lang='lat' dir='ltr'>praedicavit</span> <span class='ocrx_word' id='word_1_316' title='bbox 1453 2253 1478 2273; x_wconf 85' lang='lat' dir='ltr'>o.</span> <span class='ocrx_word' id='word_1_317' title='bbox 1502 2248 1549 2272; x_wconf 78' lang='lat'>86:</span> <span class='ocrx_word' id='word_1_318' title='bbox 1574 2253 1639 2271; x_wconf 88' lang='lat' dir='ltr'>cum</span> <span class='ocrx_word' id='word_1_319' title='bbox 1659 2253 1772 2280; x_wconf 81' lang='lat' dir='ltr'>parum</span> <span class='ocrx_word' id='word_1_320' title='bbox 1796 2248 1876 2273; x_wconf 79' lang='lat' dir='ltr'>esset</span> <span class='ocrx_word' id='word_1_321' title='bbox 1903 2246 1935 2273; x_wconf 87' lang='lat' dir='ltr'>in</span> 
     </span>
     <span class='ocr_line' id='line_1_32' title="bbox 146 2288 1936 2326; baseline 0.001 -9"><span class='ocrx_word' id='word_1_322' title='bbox 146 2296 212 2316; x_wconf 81' lang='lat' dir='ltr'>rum</span> <span class='ocrx_word' id='word_1_323' title='bbox 230 2289 396 2317; x_wconf 77' lang='lat' dir='ltr'>clientelae.</span> <span class='ocrx_word' id='word_1_324' title='bbox 431 2290 478 2317; x_wconf 89' lang='lat' dir='ltr'>De</span> <span class='ocrx_word' id='word_1_325' title='bbox 502 2291 647 2318; x_wconf 82' lang='lat' dir='ltr'>iunctura</span> <span class='ocrx_word' id='word_1_326' title='bbox 670 2293 772 2317; x_wconf 86' lang='lat' dir='ltr'>autem</span> <span class='ocrx_word' id='word_1_327' title='bbox 796 2290 828 2317; x_wconf 86' lang='lat' dir='ltr'>in</span> <span class='ocrx_word' id='word_1_328' title='bbox 850 2290 1021 2319; x_wconf 79' lang='lat' dir='ltr'>clientelam</span> <span class='ocrx_word' id='word_1_329' title='bbox 1055 2291 1164 2315; x_wconf 66' lang='lat' dir='ltr'>senatu</span> <span class='ocrx_word' id='word_1_330' title='bbox 1187 2288 1318 2316; x_wconf 63' lang='lat' dir='ltr'>breviter</span> <span class='ocrx_word' id='word_1_331' title='bbox 1339 2298 1474 2322; x_wconf 79' lang='lat' dir='ltr'>censere,</span> <span class='ocrx_word' id='word_1_332' title='bbox 1506 2290 1569 2318; x_wconf 69' lang='lat' dir='ltr'>nisi</span> <span class='ocrx_word' id='word_1_333' title='bbox 1593 2291 1645 2325; x_wconf 82' lang='lat' dir='ltr'>qui</span> <span class='ocrx_word' id='word_1_334' title='bbox 1670 2291 1793 2326; x_wconf 59' lang='lat' dir='ltr'>ingenio</span> <span class='ocrx_word' id='word_1_335' title='bbox 1818 2294 1849 2318; x_wconf 85' lang='lat' dir='ltr'>et</span> <span class='ocrx_word' id='word_1_336' title='bbox 1874 2291 1936 2318; x_wconf 83' lang='lat' dir='ltr'>elo-</span> 
     </span>
     <span class='ocr_line' id='line_1_33' title="bbox 147 2334 1934 2369; baseline 0.001 -6"><span class='ocrx_word' id='word_1_337' title='bbox 147 2336 280 2362; x_wconf 77' lang='lat' dir='ltr'>noetram</span> <span class='ocrx_word' id='word_1_338' title='bbox 314 2336 418 2363; x_wconf 79' lang='lat' dir='ltr'>venire</span> <span class='ocrx_word' id='word_1_339' title='bbox 445 2343 501 2369; x_wconf 84' lang='lat' dir='ltr'>pro</span> <span class='ocrx_word' id='word_1_340' title='bbox 531 2336 675 2363; x_wconf 80' lang='lat' dir='ltr'>Tulliana</span> <span class='ocrx_word' id='word_1_341' title='bbox 703 2335 736 2363; x_wconf 85' lang='lat' dir='ltr'>in</span> <span class='ocrx_word' id='word_1_342' title='bbox 764 2335 932 2363; x_wconf 80' lang='lat' dir='ltr'>clientelam</span> <span class='ocrx_word' id='word_1_343' title='bbox 966 2336 1022 2364; x_wconf 83' lang='lat' dir='ltr'>ali-</span> <span class='ocrx_word' id='word_1_344' title='bbox 1053 2334 1178 2369; x_wconf 81' lang='lat' dir='ltr'>quentia</span> <span class='ocrx_word' id='word_1_345' title='bbox 1206 2335 1386 2363; x_wconf 79' lang='lat' dir='ltr'>sententiam</span> <span class='ocrx_word' id='word_1_346' title='bbox 1415 2343 1502 2363; x_wconf 77' lang='lat' dir='ltr'>suam</span> <span class='ocrx_word' id='word_1_347' title='bbox 1532 2339 1677 2364; x_wconf 82' lang='lat' dir='ltr'>tueretur.</span> <span class='ocrx_word' id='word_1_348' title='bbox 1713 2337 1830 2364; x_wconf 78' lang='lat' dir='ltr'>Eadem</span> <span class='ocrx_word' id='word_1_349' title='bbox 1854 2337 1934 2364; x_wconf 84' lang='lat' dir='ltr'>ratio</span> 
     </span>
    </p>
   </div>
   <div class='ocr_carea' id='block_1_5' title="bbox 135 2379 1020 3003">
    <p class='ocr_par' dir='ltr' id='par_1_6' title="bbox 135 2379 1020 3003">
     <span class='ocr_line' id='line_1_34' title="bbox 143 2379 1020 2416; baseline 0.002 -9"><span class='ocrx_word' id='word_1_350' title='bbox 143 2379 229 2407; x_wconf 77' lang='lat' dir='ltr'>euius</span> <span class='ocrx_word' id='word_1_351' title='bbox 255 2387 289 2407; x_wconf 75' lang='lat' dir='ltr'>se</span> <span class='ocrx_word' id='word_1_352' title='bbox 312 2380 454 2414; x_wconf 81' lang='lat' dir='ltr'>conferre</span> <span class='ocrx_word' id='word_1_353' title='bbox 476 2383 546 2414; x_wconf 89' lang='lat' dir='ltr'>(pro</span> <span class='ocrx_word' id='word_1_354' title='bbox 577 2381 607 2409; x_wconf 88' lang='lat' dir='ltr'>S.</span> <span class='ocrx_word' id='word_1_355' title='bbox 631 2382 724 2409; x_wconf 81' lang='lat' dir='ltr'>Roso.</span> <span class='ocrx_word' id='word_1_356' title='bbox 750 2384 792 2416; x_wconf 83' lang='grc'>37,</span> <span class='ocrx_word' id='word_1_357' title='bbox 818 2384 880 2415; x_wconf 81' lang='grc'><strong>106)</strong></span> <span class='ocrx_word' id='word_1_358' title='bbox 903 2382 1020 2409; x_wconf 81' lang='lat' dir='ltr'>iniuria</span> 
     </span>
     <span class='ocr_line' id='line_1_35' title="bbox 142 2425 1018 2462; baseline 0.002 -9"><span class='ocrx_word' id='word_1_359' title='bbox 142 2425 298 2454; x_wconf 79' lang='lat' dir='ltr'>dubitavit</span> <span class='ocrx_word' id='word_1_360' title='bbox 313 2427 511 2454; x_wconf 82' lang='lat' dir='ltr'>Doederlein.</span> <span class='ocrx_word' id='word_1_361' title='bbox 529 2442 564 2448; x_wconf 92' lang='lat'>-</span> <span class='ocrx_word' id='word_1_362' title='bbox 582 2430 608 2455; x_wconf 82' lang='lat'>5.</span> <span class='ocrx_word' id='word_1_363' title='bbox 628 2427 735 2454; x_wconf 82' lang='lat' dir='ltr'>melius</span> <span class='ocrx_word' id='word_1_364' title='bbox 749 2426 870 2462; x_wconf 77' lang='lat' dir='ltr'>fuisset]</span> <span class='ocrx_word' id='word_1_365' title='bbox 888 2428 907 2455; x_wconf 87' lang='lat' dir='ltr'>i.</span> <span class='ocrx_word' id='word_1_366' title='bbox 921 2435 945 2455; x_wconf 92' lang='lat' dir='ltr'>e.</span> <span class='ocrx_word' id='word_1_367' title='bbox 958 2436 1018 2455; x_wconf 88' lang='lat' dir='ltr'>me-</span> 
     </span>
     <span class='ocr_line' id='line_1_36' title="bbox 141 2470 1019 2508; baseline 0.005 -11"><span class='ocrx_word' id='word_1_368' title='bbox 141 2470 205 2498; x_wconf 83' lang='lat' dir='ltr'>lius</span> <span class='ocrx_word' id='word_1_369' title='bbox 223 2473 296 2499; x_wconf 86' lang='lat' dir='ltr'>erat.</span> <span class='ocrx_word' id='word_1_370' title='bbox 332 2472 377 2500; x_wconf 71' lang='lat'>01.</span> <span class='ocrx_word' id='word_1_371' title='bbox 396 2472 458 2500; x_wconf 79' lang='lat' dir='ltr'>Cio.</span> <span class='ocrx_word' id='word_1_372' title='bbox 478 2472 551 2500; x_wconf 78' lang='lat' dir='ltr'>Cato</span> <span class='ocrx_word' id='word_1_373' title='bbox 570 2474 671 2500; x_wconf 87' lang='lat' dir='ltr'>Maior</span> <span class='ocrx_word' id='word_1_374' title='bbox 693 2476 736 2508; x_wconf 79' lang='lat'>23,</span> <span class='ocrx_word' id='word_1_375' title='bbox 761 2475 808 2501; x_wconf 81' lang='lat'>82:</span> <span class='ocrx_word' id='word_1_376' title='bbox 834 2480 934 2501; x_wconf 84' lang='lat' dir='ltr'>nonne</span> <span class='ocrx_word' id='word_1_377' title='bbox 958 2482 1019 2501; x_wconf 90' lang='lat' dir='ltr'>me-</span> 
     </span>
     <span class='ocr_line' id='line_1_37' title="bbox 141 2515 1018 2555; baseline 0.003 -12"><span class='ocrx_word' id='word_1_378' title='bbox 141 2515 201 2543; x_wconf 81' lang='lat' dir='ltr'>lius</span> <span class='ocrx_word' id='word_1_379' title='bbox 219 2517 312 2544; x_wconf 88' lang='lat' dir='ltr'>multo</span> <span class='ocrx_word' id='word_1_380' title='bbox 326 2516 445 2550; x_wconf 73' lang='lat' dir='ltr'>suisset.</span> <span class='ocrx_word' id='word_1_381' title='bbox 481 2520 556 2550; x_wconf 72' lang='lat' dir='ltr'>Ta·</span> <span class='ocrx_word' id='word_1_382' title='bbox 574 2519 656 2548; x_wconf 85' lang='lat' dir='ltr'>Hist.</span> <span class='ocrx_word' id='word_1_383' title='bbox 673 2521 699 2554; x_wconf 76' lang='lat'>⁸,</span> <span class='ocrx_word' id='word_1_384' title='bbox 718 2521 766 2546; x_wconf 77' lang='lat'>40:</span> <span class='ocrx_word' id='word_1_385' title='bbox 792 2521 820 2546; x_wconf 88' lang='lat' dir='ltr'>et</span> <span class='ocrx_word' id='word_1_386' title='bbox 835 2519 865 2546; x_wconf 78' lang='lat' dir='ltr'>si</span> <span class='ocrx_word' id='word_1_387' title='bbox 883 2522 1018 2555; x_wconf 80' lang='lat' dir='ltr'>coeptum</span> 
     </span>
     <span class='ocr_line' id='line_1_38' title="bbox 143 2561 1018 2600; baseline 0.005 -12"><span class='ocrx_word' id='word_1_388' title='bbox 143 2561 203 2589; x_wconf 80' lang='lat' dir='ltr'>iter</span> <span class='ocrx_word' id='word_1_389' title='bbox 215 2566 421 2598; x_wconf 78' lang='lat' dir='ltr'>properasset,</span> <span class='ocrx_word' id='word_1_390' title='bbox 440 2566 596 2591; x_wconf 84' lang='lat' dir='ltr'>nutantem</span> <span class='ocrx_word' id='word_1_391' title='bbox 616 2565 774 2591; x_wconf 82' lang='lat' dir='ltr'>Caecinam</span> <span class='ocrx_word' id='word_1_392' title='bbox 789 2565 967 2600; x_wconf 84' lang='lat' dir='ltr'>praevenire</span> <span class='ocrx_word' id='word_1_393' title='bbox 983 2580 1018 2585; x_wconf 91' lang='lat'>—-</span> 
     </span>
     <span class='ocr_line' id='line_1_39' title="bbox 135 2607 1016 2644; baseline 0.005 -11"><span class='ocrx_word' id='word_1_394' title='bbox 135 2607 297 2641; x_wconf 79' lang='lat' dir='ltr'>potuisset.</span> <span class='ocrx_word' id='word_1_395' title='bbox 325 2609 398 2637; x_wconf 86' lang='lat' dir='ltr'>eoll.</span> <span class='ocrx_word' id='word_1_396' title='bbox 424 2611 450 2641; x_wconf 75' lang='lat'>4,</span> <span class='ocrx_word' id='word_1_397' title='bbox 474 2612 520 2637; x_wconf 76' lang='lat'>84.</span> <span class='ocrx_word' id='word_1_398' title='bbox 542 2623 578 2630; x_wconf 90' lang='lat'>—-·</span> <span class='ocrx_word' id='word_1_399' title='bbox 600 2616 660 2636; x_wconf 87' lang='lat' dir='ltr'>non</span> <span class='ocrx_word' id='word_1_400' title='bbox 684 2610 785 2644; x_wconf 79' lang='lat' dir='ltr'>queri]</span> <span class='ocrx_word' id='word_1_401' title='bbox 810 2610 832 2640; x_wconf 86' lang='lat' dir='ltr'>i.</span> <span class='ocrx_word' id='word_1_402' title='bbox 859 2617 887 2640; x_wconf 91' lang='lat' dir='ltr'>e.</span> <span class='ocrx_word' id='word_1_403' title='bbox 904 2611 1016 2638; x_wconf 87' lang='lat' dir='ltr'>melius</span> 
     </span>
     <span class='ocr_line' id='line_1_40' title="bbox 141 2654 1016 2691; baseline 0.006 -12"><span class='ocrx_word' id='word_1_404' title='bbox 141 2654 207 2680; x_wconf 81' lang='lat' dir='ltr'>erat</span> <span class='ocrx_word' id='word_1_405' title='bbox 234 2654 411 2686; x_wconf 81' lang='lat' dir='ltr'>provincias</span> <span class='ocrx_word' id='word_1_406' title='bbox 440 2662 606 2687; x_wconf 80' lang='lat' dir='ltr'>numquam</span> <span class='ocrx_word' id='word_1_407' title='bbox 643 2663 792 2683; x_wconf 82' lang='lat' dir='ltr'>causam</span> <span class='ocrx_word' id='word_1_408' title='bbox 828 2655 1016 2691; x_wconf 77' lang='lat' dir='ltr'>querendi</span> 
     </span>
     <span class='ocr_line' id='line_1_41' title="bbox 140 2697 1016 2733; baseline 0.005 -8"><span class='ocrx_word' id='word_1_409' title='bbox 140 2697 294 2730; x_wconf 77' lang='lat' dir='ltr'>habuisse,</span> <span class='ocrx_word' id='word_1_410' title='bbox 306 2707 472 2733; x_wconf 87' lang='lat' dir='ltr'>numquam</span> <span class='ocrx_word' id='word_1_411' title='bbox 483 2701 604 2727; x_wconf 85' lang='lat' dir='ltr'>iniuriis</span> <span class='ocrx_word' id='word_1_412' title='bbox 617 2704 745 2729; x_wconf 83' lang='lat' dir='ltr'>vexatas</span> <span class='ocrx_word' id='word_1_413' title='bbox 757 2709 833 2730; x_wconf 90' lang='lat' dir='ltr'>esse.</span> <span class='ocrx_word' id='word_1_414' title='bbox 869 2701 1016 2729; x_wconf 83' lang='lat' dir='ltr'>Similiter</span> 
     </span>
     <span class='ocr_line' id='line_1_42' title="bbox 141 2744 1015 2781; baseline 0.005 -11"><span class='ocrx_word' id='word_1_415' title='bbox 141 2749 169 2771; x_wconf 85' lang='grc' dir='ltr'>ο.</span> <span class='ocrx_word' id='word_1_416' title='bbox 187 2745 221 2770; x_wconf 77' lang='grc'>16</span> <span class='ocrx_word' id='word_1_417' title='bbox 238 2750 299 2771; x_wconf 84' lang='lat' dir='ltr'>non</span> <span class='ocrx_word' id='word_1_418' title='bbox 318 2745 468 2773; x_wconf 75' lang='lat' dir='ltr'>verebaris</span> <span class='ocrx_word' id='word_1_419' title='bbox 492 2744 576 2773; x_wconf 86' lang='lat' dir='ltr'>idem</span> <span class='ocrx_word' id='word_1_420' title='bbox 606 2749 652 2773; x_wconf 87' lang='lat' dir='ltr'>est</span> <span class='ocrx_word' id='word_1_421' title='bbox 683 2748 780 2781; x_wconf 83' lang='lat' dir='ltr'>quod:</span> <span class='ocrx_word' id='word_1_422' title='bbox 810 2754 902 2774; x_wconf 75' lang='lat' dir='ltr'>causa</span> <span class='ocrx_word' id='word_1_423' title='bbox 932 2747 1015 2774; x_wconf 86' lang='lat' dir='ltr'>nulla</span> 
     </span>
     <span class='ocr_line' id='line_1_43' title="bbox 142 2789 1015 2828; baseline 0.007 -14"><span class='ocrx_word' id='word_1_424' title='bbox 142 2789 218 2819; x_wconf 80' lang='lat' dir='ltr'>erat,</span> <span class='ocrx_word' id='word_1_425' title='bbox 243 2796 298 2815; x_wconf 82' lang='lat' dir='ltr'>eur</span> <span class='ocrx_word' id='word_1_426' title='bbox 316 2790 474 2817; x_wconf 76' lang='lat' dir='ltr'>verereris.</span> <span class='ocrx_word' id='word_1_427' title='bbox 512 2791 583 2818; x_wconf 83' lang='lat' dir='ltr'>Tali</span> <span class='ocrx_word' id='word_1_428' title='bbox 601 2792 856 2826; x_wconf 81' lang='lat' dir='ltr'>interpretatione</span> <span class='ocrx_word' id='word_1_429' title='bbox 876 2794 1015 2828; x_wconf 86' lang='lat' dir='ltr'>probata,</span> 
     </span>
     <span class='ocr_line' id='line_1_44' title="bbox 140 2833 1014 2872; baseline 0.005 -12"><span class='ocrx_word' id='word_1_430' title='bbox 140 2833 253 2861; x_wconf 79' lang='lat' dir='ltr'>Mureti</span> <span class='ocrx_word' id='word_1_431' title='bbox 283 2835 461 2863; x_wconf 79' lang='lat' dir='ltr'>coniectura</span> <span class='ocrx_word' id='word_1_432' title='bbox 491 2838 735 2869; x_wconf 85' lang='lat' dir='ltr'>supersedemus.</span> <span class='ocrx_word' id='word_1_433' title='bbox 758 2852 791 2858; x_wconf 89' lang='lat'>-·</span> <span class='ocrx_word' id='word_1_434' title='bbox 817 2842 841 2866; x_wconf 92' lang='grc'>7.</span> <span class='ocrx_word' id='word_1_435' title='bbox 871 2838 1014 2872; x_wconf 80' lang='lat' dir='ltr'>medicus]</span> 
     </span>
     <span class='ocr_line' id='line_1_45' title="bbox 140 2878 1013 2918; baseline 0.006 -13"><span class='ocrx_word' id='word_1_436' title='bbox 140 2878 231 2906; x_wconf 80' lang='lat' dir='ltr'>etiam</span> <span class='ocrx_word' id='word_1_437' title='bbox 247 2879 397 2908; x_wconf 78' lang='lat' dir='ltr'>Messalla</span> <span class='ocrx_word' id='word_1_438' title='bbox 419 2884 575 2910; x_wconf 78' lang='lat' dir='ltr'>oratorem</span> <span class='ocrx_word' id='word_1_439' title='bbox 599 2883 718 2911; x_wconf 79' lang='lat' dir='ltr'>medico</span> <span class='ocrx_word' id='word_1_440' title='bbox 744 2887 901 2918; x_wconf 79' lang='lat' dir='ltr'>comparat</span> <span class='ocrx_word' id='word_1_441' title='bbox 919 2892 945 2912; x_wconf 89' lang='lat' dir='ltr'>o.</span> <span class='ocrx_word' id='word_1_442' title='bbox 964 2887 1013 2911; x_wconf 83' lang='lat'>81:</span> 
     </span>
     <span class='ocr_line' id='line_1_46' title="bbox 140 2922 1015 2963; baseline 0.009 -14"><span class='ocrx_word' id='word_1_443' title='bbox 140 2922 294 2951; x_wconf 79' lang='lat' dir='ltr'>adhibebit</span> <span class='ocrx_word' id='word_1_444' title='bbox 320 2933 443 2953; x_wconf 84' lang='lat' dir='ltr'>manum</span> <span class='ocrx_word' id='word_1_445' title='bbox 472 2935 498 2955; x_wconf 85' lang='lat' dir='ltr'>e.</span> <span class='ocrx_word' id='word_1_446' title='bbox 519 2936 547 2961; x_wconf 85' lang='lat' dir='ltr'>q.</span> <span class='ocrx_word' id='word_1_447' title='bbox 567 2936 591 2956; x_wconf 88' lang='lat' dir='ltr'>s.</span> <span class='ocrx_word' id='word_1_448' title='bbox 621 2942 655 2948; x_wconf 91' lang='lat'>—</span> <span class='ocrx_word' id='word_1_449' title='bbox 679 2931 722 2959; x_wconf 88' lang='grc'>10.</span> <span class='ocrx_word' id='word_1_450' title='bbox 750 2930 858 2963; x_wconf 79' lang='lat' dir='ltr'>honor]</span> <span class='ocrx_word' id='word_1_451' title='bbox 890 2930 928 2956; x_wconf 93' lang='lat' dir='ltr'>de</span> <span class='ocrx_word' id='word_1_452' title='bbox 957 2931 1015 2957; x_wconf 88' lang='lat' dir='ltr'>hao</span> 
     </span>
     <span class='ocr_line' id='line_1_47' title="bbox 139 2969 1014 3003; baseline 0.009 -8"><span class='ocrx_word' id='word_1_453' title='bbox 139 2969 267 3003; x_wconf 70' lang='lat' dir='ltr'>egregia</span> <span class='ocrx_word' id='word_1_454' title='bbox 283 2969 394 2998; x_wconf 84' lang='lat' dir='ltr'>Orellii</span> <span class='ocrx_word' id='word_1_455' title='bbox 411 2973 622 3001; x_wconf 82' lang='lat' dir='ltr'>emendatione</span> <span class='ocrx_word' id='word_1_456' title='bbox 640 2974 678 3002; x_wconf 73' lang='lat' dir='ltr'>ot.</span> <span class='ocrx_word' id='word_1_457' title='bbox 696 2982 721 3002; x_wconf 88' lang='grc' dir='ltr'>ο.</span> <span class='ocrx_word' id='word_1_458' title='bbox 743 2978 784 3003; x_wconf 82' lang='lat'>12.</span> <span class='ocrx_word' id='word_1_459' title='bbox 805 2976 880 3003; x_wconf 85' lang='lat' dir='ltr'>Sall.</span> <span class='ocrx_word' id='word_1_460' title='bbox 894 2975 958 3003; x_wconf 80' lang='lat' dir='ltr'>Cat.</span> <span class='ocrx_word' id='word_1_461' title='bbox 973 2978 1014 3003; x_wconf 89' lang='grc'>11.</span> 
     </span>
    </p>
   </div>
   <div class='ocr_carea' id='block_1_6' title="bbox 87 3011 1013 3056">
    <p class='ocr_par' dir='ltr' id='par_1_7' title="bbox 87 3011 1013 3056">
     <span class='ocr_line' id='line_1_48' title="bbox 87 3011 1013 3056; baseline 0.009 -16"><span class='ocrx_word' id='word_1_462' title='bbox 87 3032 94 3044; x_wconf 83' lang='grc'><strong>.</strong></span> <span class='ocrx_word' id='word_1_463' title='bbox 139 3011 224 3048; x_wconf 65' lang='lat' dir='ltr'>virg.</span> <span class='ocrx_word' id='word_1_464' title='bbox 242 3015 319 3042; x_wconf 77' lang='lat' dir='ltr'>Aen.</span> <span class='ocrx_word' id='word_1_465' title='bbox 339 3018 381 3051; x_wconf 75' lang='lat'>12,</span> <span class='ocrx_word' id='word_1_466' title='bbox 401 3020 460 3046; x_wconf 79' lang='lat'>135.</span> <span class='ocrx_word' id='word_1_467' title='bbox 480 3033 514 3039; x_wconf 93' lang='lat'>—-</span> <span class='ocrx_word' id='word_1_468' title='bbox 532 3022 573 3047; x_wconf 89' lang='grc'>11.</span> <span class='ocrx_word' id='word_1_469' title='bbox 592 3020 742 3056; x_wconf 65' lang='lat' dir='ltr'>repentis]</span> <span class='ocrx_word' id='word_1_470' title='bbox 761 3022 791 3049; x_wconf 83' lang='lat' dir='ltr'>vi</span> <span class='ocrx_word' id='word_1_471' title='bbox 809 3022 1013 3056; x_wconf 82' lang='lat' dir='ltr'>intransitiva,</span> 
     </span>
    </p>
   </div>
   <div class='ocr_carea' id='block_1_7' title="bbox 140 3059 1013 3328">
    <p class='ocr_par' dir='ltr' id='par_1_8' title="bbox 140 3059 1013 3328">
     <span class='ocr_line' id='line_1_49' title="bbox 140 3059 1012 3101; baseline 0.009 -15"><span class='ocrx_word' id='word_1_472' title='bbox 140 3059 175 3085; x_wconf 71' lang='lat' dir='ltr'>ut</span> <span class='ocrx_word' id='word_1_473' title='bbox 196 3059 275 3088; x_wconf 70' lang='lat' dir='ltr'>Ama.</span> <span class='ocrx_word' id='word_1_474' title='bbox 302 3064 332 3095; x_wconf 72' lang='lat'>4,</span> <span class='ocrx_word' id='word_1_475' title='bbox 357 3064 404 3090; x_wconf 82' lang='lat'>88:</span> <span class='ocrx_word' id='word_1_476' title='bbox 443 3063 559 3091; x_wconf 83' lang='lat' dir='ltr'>Tiberio</span> <span class='ocrx_word' id='word_1_477' title='bbox 585 3068 709 3101; x_wconf 63' lang='lat' dir='ltr'>regente</span> <span class='ocrx_word' id='word_1_478' title='bbox 734 3067 786 3100; x_wconf 73' lang='lat' dir='ltr'>(of.</span> <span class='ocrx_word' id='word_1_479' title='bbox 812 3067 1012 3101; x_wconf 77' lang='lat' dir='ltr'>Nipperdey).</span> 
     </span>
     <span class='ocr_line' id='line_1_50' title="bbox 140 3101 1013 3147; baseline 0.01 -16"><span class='ocrx_word' id='word_1_480' title='bbox 140 3101 222 3132; x_wconf 70' lang='lat' dir='ltr'>mut.</span> <span class='ocrx_word' id='word_1_481' title='bbox 240 3107 266 3141; x_wconf 68' lang='grc' dir='ltr'>Β,</span> <span class='ocrx_word' id='word_1_482' title='bbox 285 3109 328 3141; x_wconf 87' lang='grc'>81,</span> <span class='ocrx_word' id='word_1_483' title='bbox 347 3109 387 3134; x_wconf 88' lang='grc'>10.</span> <span class='ocrx_word' id='word_1_484' title='bbox 405 3110 447 3143; x_wconf 80' lang='lat'>12,</span> <span class='ocrx_word' id='word_1_485' title='bbox 466 3112 491 3136; x_wconf 90' lang='grc'>7.</span> <span class='ocrx_word' id='word_1_486' title='bbox 509 3125 544 3131; x_wconf 93' lang='grc'>-</span> <span class='ocrx_word' id='word_1_487' title='bbox 562 3110 635 3145; x_wconf 80' lang='lat' dir='ltr'>quid</span> <span class='ocrx_word' id='word_1_488' title='bbox 654 3111 732 3139; x_wconf 85' lang='lat' dir='ltr'>enim</span> <span class='ocrx_word' id='word_1_489' title='bbox 758 3120 833 3147; x_wconf 80' lang='lat' dir='ltr'>opus</span> <span class='ocrx_word' id='word_1_490' title='bbox 850 3115 908 3145; x_wconf 83' lang='lat' dir='ltr'>est]</span> <span class='ocrx_word' id='word_1_491' title='bbox 935 3120 1013 3145; x_wconf 80' lang='lat' dir='ltr'>quae</span> 
     </span>
     <span class='ocr_line' id='line_1_51' title="bbox 141 3153 1012 3190; baseline 0.008 -13"><span class='ocrx_word' id='word_1_492' title='bbox 141 3153 282 3179; x_wconf 72' lang='lat' dir='ltr'>secuntur</span> <span class='ocrx_word' id='word_1_493' title='bbox 299 3159 396 3185; x_wconf 87' lang='lat' dir='ltr'>usque</span> <span class='ocrx_word' id='word_1_494' title='bbox 414 3154 453 3181; x_wconf 82' lang='lat' dir='ltr'>ad</span> <span class='ocrx_word' id='word_1_495' title='bbox 461 3156 707 3190; x_wconf 72' lang='lat' dir='ltr'>periclitantibus</span> <span class='ocrx_word' id='word_1_496' title='bbox 724 3160 775 3184; x_wconf 83' lang='lat' dir='ltr'>eat</span> <span class='ocrx_word' id='word_1_497' title='bbox 792 3159 875 3186; x_wconf 86' lang='lat' dir='ltr'>diota</span> <span class='ocrx_word' id='word_1_498' title='bbox 892 3160 963 3185; x_wconf 87' lang='lat' dir='ltr'>sunt</span> <span class='ocrx_word' id='word_1_499' title='bbox 975 3158 1012 3185; x_wconf 88' lang='lat' dir='ltr'>de</span> 
     </span>
     <span class='ocr_line' id='line_1_52' title="bbox 142 3197 1012 3239; baseline 0.011 -17"><span class='ocrx_word' id='word_1_500' title='bbox 142 3199 176 3222; x_wconf 76' lang='lat' dir='ltr'>re</span> <span class='ocrx_word' id='word_1_501' title='bbox 190 3197 318 3228; x_wconf 75' lang='lat' dir='ltr'>publiea</span> <span class='ocrx_word' id='word_1_502' title='bbox 334 3205 431 3232; x_wconf 87' lang='lat' dir='ltr'>usque</span> <span class='ocrx_word' id='word_1_503' title='bbox 448 3200 487 3227; x_wconf 80' lang='lat' dir='ltr'>ad</span> <span class='ocrx_word' id='word_1_504' title='bbox 499 3203 604 3229; x_wconf 82' lang='lat' dir='ltr'>votnm</span> <span class='ocrx_word' id='word_1_505' title='bbox 623 3204 802 3239; x_wconf 78' lang='lat' dir='ltr'>composita,</span> <span class='ocrx_word' id='word_1_506' title='bbox 822 3204 943 3238; x_wconf 83' lang='lat' dir='ltr'>qualem</span> <span class='ocrx_word' id='word_1_507' title='bbox 963 3211 1012 3231; x_wconf 89' lang='lat' dir='ltr'>oo-</span> 
     </span>
     <span class='ocr_line' id='line_1_53' title="bbox 143 3238 1012 3284; baseline 0.012 -17"><span class='ocrx_word' id='word_1_508' title='bbox 143 3238 266 3272; x_wconf 64' lang='lat' dir='ltr'>titando</span> <span class='ocrx_word' id='word_1_509' title='bbox 281 3244 428 3276; x_wconf 86' lang='lat' dir='ltr'>optimam</span> <span class='ocrx_word' id='word_1_510' title='bbox 440 3245 594 3282; x_wconf 68' lang='lat' dir='ltr'>fingimus,</span> <span class='ocrx_word' id='word_1_511' title='bbox 612 3255 674 3276; x_wconf 89' lang='lat' dir='ltr'>non</span> <span class='ocrx_word' id='word_1_512' title='bbox 686 3250 723 3276; x_wconf 85' lang='lat' dir='ltr'>de</span> <span class='ocrx_word' id='word_1_513' title='bbox 740 3256 773 3276; x_wconf 87' lang='lat' dir='ltr'>re</span> <span class='ocrx_word' id='word_1_514' title='bbox 785 3250 920 3284; x_wconf 86' lang='lat' dir='ltr'>publiea,</span> <span class='ocrx_word' id='word_1_515' title='bbox 939 3256 1012 3282; x_wconf 86' lang='lat' dir='ltr'>qua-</span> 
     </span>
     <span class='ocr_line' id='line_1_54' title="bbox 143 3281 1012 3328; baseline 0.012 -15"><span class='ocrx_word' id='word_1_516' title='bbox 143 3281 183 3311; x_wconf 73' lang='grc' dir='ltr'>ῙίΙ</span> <span class='ocrx_word' id='word_1_517' title='bbox 206 3285 265 3315; x_wconf 75' lang='lat' dir='ltr'>tuit</span> <span class='ocrx_word' id='word_1_518' title='bbox 287 3288 425 3318; x_wconf 80' lang='lat' dir='ltr'>Romana</span> <span class='ocrx_word' id='word_1_519' title='bbox 449 3292 630 3325; x_wconf 77' lang='lat' dir='ltr'>Vespasiani</span> <span class='ocrx_word' id='word_1_520' title='bbox 659 3296 858 3327; x_wconf 81' lang='lat' dir='ltr'>temporibus.</span> <span class='ocrx_word' id='word_1_521' title='bbox 902 3296 1012 3328; x_wconf 80' lang='lat' dir='ltr'>Quam-</span> 
     </span>
    </p>
   </div>
   <div class='ocr_carea' id='block_1_8' title="bbox 1046 2381 1937 3322">
    <p class='ocr_par' dir='ltr' id='par_1_9' title="bbox 1046 2381 1937 3322">
     <span class='ocr_line' id='line_1_55' title="bbox 1052 2381 1937 2417; baseline 0.002 -11"><span class='ocrx_word' id='word_1_522' title='bbox 1052 2381 1216 2408; x_wconf 78' lang='lat' dir='ltr'>interoedIt</span> <span class='ocrx_word' id='word_1_523' title='bbox 1234 2382 1315 2408; x_wconf 86' lang='lat' dir='ltr'>inter</span> <span class='ocrx_word' id='word_1_524' title='bbox 1328 2389 1364 2409; x_wconf 84' lang='lat' dir='ltr'>ea</span> <span class='ocrx_word' id='word_1_525' title='bbox 1376 2389 1455 2414; x_wconf 80' lang='lat' dir='ltr'>quae</span> <span class='ocrx_word' id='word_1_526' title='bbox 1468 2384 1627 2410; x_wconf 83' lang='lat' dir='ltr'>secuntur:</span> <span class='ocrx_word' id='word_1_527' title='bbox 1649 2382 1724 2417; x_wconf 83' lang='lat' dir='ltr'>quid</span> <span class='ocrx_word' id='word_1_528' title='bbox 1739 2382 1840 2410; x_wconf 73' lang='lat' dir='ltr'>multis</span> <span class='ocrx_word' id='word_1_529' title='bbox 1854 2381 1937 2417; x_wconf 83' lang='lat' dir='ltr'>apud</span> 
     </span>
     <span class='ocr_line' id='line_1_56' title="bbox 1047 2426 1931 2461; baseline 0.003 -9"><span class='ocrx_word' id='word_1_530' title='bbox 1047 2426 1195 2461; x_wconf 81' lang='lat' dir='ltr'>populum</span> <span class='ocrx_word' id='word_1_531' title='bbox 1213 2426 1402 2454; x_wconf 73' lang='lat' dir='ltr'>contionibus</span> <span class='ocrx_word' id='word_1_532' title='bbox 1420 2429 1450 2455; x_wconf 79' lang='lat' dir='ltr'>et</span> <span class='ocrx_word' id='word_1_533' title='bbox 1466 2429 1543 2456; x_wconf 78' lang='lat' dir='ltr'>haee</span> <span class='ocrx_word' id='word_1_534' title='bbox 1557 2429 1723 2456; x_wconf 78' lang='lat' dir='ltr'>Messallae</span> <span class='ocrx_word' id='word_1_535' title='bbox 1734 2429 1830 2455; x_wconf 85' lang='lat' dir='ltr'>verba</span> <span class='ocrx_word' id='word_1_536' title='bbox 1849 2436 1874 2456; x_wconf 90' lang='grc' dir='ltr'>ο.</span> <span class='ocrx_word' id='word_1_537' title='bbox 1887 2430 1931 2455; x_wconf 79' lang='lat'>36:</span> 
     </span>
     <span class='ocr_line' id='line_1_57' title="bbox 1051 2471 1933 2509; baseline 0.005 -12"><span class='ocrx_word' id='word_1_538' title='bbox 1051 2471 1122 2498; x_wconf 79' lang='lat' dir='ltr'>hinc</span> <span class='ocrx_word' id='word_1_539' title='bbox 1140 2471 1291 2499; x_wconf 78' lang='lat' dir='ltr'>contiones</span> <span class='ocrx_word' id='word_1_540' title='bbox 1314 2473 1547 2508; x_wconf 72' lang='lat' dir='ltr'>maqistraeuum</span> <span class='ocrx_word' id='word_1_541' title='bbox 1571 2481 1674 2509; x_wconf 83' lang='lat' dir='ltr'>paene</span> <span class='ocrx_word' id='word_1_542' title='bbox 1688 2474 1933 2509; x_wconf 82' lang='lat' dir='ltr'>pernoctantium</span> 
     </span>
     <span class='ocr_line' id='line_1_58' title="bbox 1052 2516 1933 2548; baseline 0.006 -6"><span class='ocrx_word' id='word_1_543' title='bbox 1052 2516 1084 2543; x_wconf 87' lang='lat' dir='ltr'>in</span> <span class='ocrx_word' id='word_1_544' title='bbox 1103 2517 1222 2545; x_wconf 75' lang='lat' dir='ltr'>rostris.</span> <span class='ocrx_word' id='word_1_545' title='bbox 1258 2519 1414 2547; x_wconf 83' lang='lat' dir='ltr'>Postremo</span> <span class='ocrx_word' id='word_1_546' title='bbox 1438 2519 1604 2547; x_wconf 73' lang='lat' dir='ltr'>invidiosas</span> <span class='ocrx_word' id='word_1_547' title='bbox 1627 2521 1658 2546; x_wconf 83' lang='lat' dir='ltr'>et</span> <span class='ocrx_word' id='word_1_548' title='bbox 1673 2518 1851 2548; x_wconf 72' lang='lat' dir='ltr'>excedentes</span> <span class='ocrx_word' id='word_1_549' title='bbox 1869 2527 1933 2547; x_wconf 85' lang='lat' dir='ltr'>mo-</span> 
     </span>
     <span class='ocr_line' id='line_1_59' title="bbox 1050 2561 1931 2598; baseline 0.005 -9"><span class='ocrx_word' id='word_1_550' title='bbox 1050 2561 1120 2589; x_wconf 84' lang='lat' dir='ltr'>dum</span> <span class='ocrx_word' id='word_1_551' title='bbox 1138 2561 1332 2598; x_wconf 78' lang='lat' dir='ltr'>defensiones</span> <span class='ocrx_word' id='word_1_552' title='bbox 1350 2572 1473 2598; x_wconf 89' lang='lat' dir='ltr'>oppono</span> <span class='ocrx_word' id='word_1_553' title='bbox 1492 2568 1629 2593; x_wconf 83' lang='lat' dir='ltr'>veterum</span> <span class='ocrx_word' id='word_1_554' title='bbox 1655 2568 1813 2593; x_wconf 82' lang='lat' dir='ltr'>oratorum</span> <span class='ocrx_word' id='word_1_555' title='bbox 1830 2566 1863 2593; x_wconf 88' lang='lat' dir='ltr'>in</span> <span class='ocrx_word' id='word_1_556' title='bbox 1885 2566 1931 2593; x_wconf 87' lang='lat' dir='ltr'>di-</span> 
     </span>
     <span class='ocr_line' id='line_1_60' title="bbox 1052 2608 1932 2645; baseline 0.006 -10"><span class='ocrx_word' id='word_1_557' title='bbox 1052 2608 1146 2636; x_wconf 76' lang='lat' dir='ltr'>cendo</span> <span class='ocrx_word' id='word_1_558' title='bbox 1165 2610 1311 2645; x_wconf 82' lang='lat' dir='ltr'>libertati,</span> <span class='ocrx_word' id='word_1_559' title='bbox 1331 2618 1422 2643; x_wconf 88' lang='lat' dir='ltr'>quam</span> <span class='ocrx_word' id='word_1_560' title='bbox 1439 2611 1589 2639; x_wconf 78' lang='lat' dir='ltr'>Messalla</span> <span class='ocrx_word' id='word_1_561' title='bbox 1607 2619 1633 2639; x_wconf 86' lang='grc' dir='ltr'>ο.</span> <span class='ocrx_word' id='word_1_562' title='bbox 1647 2614 1680 2639; x_wconf 81' lang='grc'>38</span> <span class='ocrx_word' id='word_1_563' title='bbox 1698 2612 1851 2640; x_wconf 81' lang='lat' dir='ltr'>uberrima</span> <span class='ocrx_word' id='word_1_564' title='bbox 1863 2619 1932 2639; x_wconf 83' lang='lat' dir='ltr'>ver-</span> 
     </span>
     <span class='ocr_line' id='line_1_61' title="bbox 1050 2655 1932 2691; baseline 0.007 -11"><span class='ocrx_word' id='word_1_565' title='bbox 1050 2655 1158 2681; x_wconf 89' lang='lat' dir='ltr'>borum</span> <span class='ocrx_word' id='word_1_566' title='bbox 1182 2656 1273 2688; x_wconf 84' lang='lat' dir='ltr'>eopia</span> <span class='ocrx_word' id='word_1_567' title='bbox 1297 2656 1419 2683; x_wconf 85' lang='lat' dir='ltr'>extulit.</span> <span class='ocrx_word' id='word_1_568' title='bbox 1443 2671 1476 2675; x_wconf 97' lang='lat'><strong>—</strong></span> <span class='ocrx_word' id='word_1_569' title='bbox 1501 2658 1542 2684; x_wconf 78' lang='lat'>12.</span> <span class='ocrx_word' id='word_1_570' title='bbox 1573 2657 1773 2690; x_wconf 78' lang='lat' dir='ltr'>contionibus]</span> <span class='ocrx_word' id='word_1_571' title='bbox 1803 2665 1932 2691; x_wconf 83' lang='lat' dir='ltr'>quarum</span> 
     </span>
     <span class='ocr_line' id='line_1_62' title="bbox 1049 2701 1931 2736; baseline 0.006 -10"><span class='ocrx_word' id='word_1_572' title='bbox 1049 2701 1124 2727; x_wconf 86' lang='lat' dir='ltr'>tuno</span> <span class='ocrx_word' id='word_1_573' title='bbox 1141 2707 1211 2727; x_wconf 88' lang='lat' dir='ltr'>raro</span> <span class='ocrx_word' id='word_1_574' title='bbox 1230 2702 1359 2728; x_wconf 84' lang='lat' dir='ltr'>dabatur</span> <span class='ocrx_word' id='word_1_575' title='bbox 1376 2702 1508 2736; x_wconf 84' lang='lat' dir='ltr'>oooasio,</span> <span class='ocrx_word' id='word_1_576' title='bbox 1525 2703 1589 2729; x_wconf 86' lang='lat' dir='ltr'>nisi</span> <span class='ocrx_word' id='word_1_577' title='bbox 1608 2710 1677 2730; x_wconf 86' lang='lat' dir='ltr'>oum</span> <span class='ocrx_word' id='word_1_578' title='bbox 1694 2703 1727 2730; x_wconf 90' lang='lat' dir='ltr'>in</span> <span class='ocrx_word' id='word_1_579' title='bbox 1744 2703 1931 2736; x_wconf 77' lang='lat' dir='ltr'>provinciae</span> 
     </span>
     <span class='ocr_line' id='line_1_63' title="bbox 1050 2745 1934 2777; baseline 0.006 -5"><span class='ocrx_word' id='word_1_580' title='bbox 1050 2745 1181 2773; x_wconf 83' lang='lat' dir='ltr'>alieuius</span> <span class='ocrx_word' id='word_1_581' title='bbox 1199 2747 1324 2773; x_wconf 82' lang='lat' dir='ltr'>civitate</span> <span class='ocrx_word' id='word_1_582' title='bbox 1342 2747 1453 2774; x_wconf 85' lang='lat' dir='ltr'>seditio</span> <span class='ocrx_word' id='word_1_583' title='bbox 1467 2749 1535 2774; x_wconf 80' lang='lat' dir='ltr'>orta</span> <span class='ocrx_word' id='word_1_584' title='bbox 1553 2750 1619 2775; x_wconf 80' lang='lat' dir='ltr'>erat</span> <span class='ocrx_word' id='word_1_585' title='bbox 1636 2751 1666 2775; x_wconf 89' lang='lat' dir='ltr'>et</span> <span class='ocrx_word' id='word_1_586' title='bbox 1685 2749 1717 2775; x_wconf 88' lang='lat' dir='ltr'>in</span> <span class='ocrx_word' id='word_1_587' title='bbox 1734 2749 1849 2776; x_wconf 80' lang='lat' dir='ltr'>militia</span> <span class='ocrx_word' id='word_1_588' title='bbox 1863 2751 1934 2777; x_wconf 87' lang='lat' dir='ltr'>ante</span> 
     </span>
     <span class='ocr_line' id='line_1_64' title="bbox 1050 2790 1932 2828; baseline 0.007 -11"><span class='ocrx_word' id='word_1_589' title='bbox 1050 2797 1178 2824; x_wconf 74' lang='lat' dir='ltr'>pugnas.</span> <span class='ocrx_word' id='word_1_590' title='bbox 1206 2805 1241 2812; x_wconf 91' lang='lat'><em>-</em></span> <span class='ocrx_word' id='word_1_591' title='bbox 1271 2794 1311 2820; x_wconf 80' lang='lat'>14.</span> <span class='ocrx_word' id='word_1_592' title='bbox 1338 2792 1518 2819; x_wconf 74' lang='lat' dir='ltr'>voluntariis</span> <span class='ocrx_word' id='word_1_593' title='bbox 1547 2794 1800 2828; x_wconf 77' lang='lat' dir='ltr'>accusationibus]</span> <span class='ocrx_word' id='word_1_594' title='bbox 1832 2790 1932 2828; x_wconf 84' lang='lat' dir='ltr'>“quas</span> 
     </span>
     <span class='ocr_line' id='line_1_65' title="bbox 1050 2837 1932 2874; baseline 0.007 -12"><span class='ocrx_word' id='word_1_595' title='bbox 1050 2837 1118 2868; x_wconf 85' lang='lat' dir='ltr'>quis</span> <span class='ocrx_word' id='word_1_596' title='bbox 1146 2843 1209 2865; x_wconf 89' lang='lat' dir='ltr'>non</span> <span class='ocrx_word' id='word_1_597' title='bbox 1237 2838 1363 2871; x_wconf 81' lang='lat' dir='ltr'>propria</span> <span class='ocrx_word' id='word_1_598' title='bbox 1392 2838 1509 2864; x_wconf 79' lang='lat' dir='ltr'>iniuria</span> <span class='ocrx_word' id='word_1_599' title='bbox 1538 2841 1662 2866; x_wconf 82' lang='lat' dir='ltr'>coaetus</span> <span class='ocrx_word' id='word_1_600' title='bbox 1691 2840 1742 2867; x_wconf 82' lang='lat' dir='ltr'>vel</span> <span class='ocrx_word' id='word_1_601' title='bbox 1779 2840 1932 2874; x_wconf 82' lang='lat' dir='ltr'>principis</span> 
     </span>
     <span class='ocr_line' id='line_1_66' title="bbox 1049 2881 1926 2919; baseline 0.008 -12"><span class='ocrx_word' id='word_1_602' title='bbox 1049 2882 1144 2915; x_wconf 88' lang='lat' dir='ltr'>iussu,</span> <span class='ocrx_word' id='word_1_603' title='bbox 1162 2884 1197 2909; x_wconf 86' lang='lat' dir='ltr'>ut</span> <span class='ocrx_word' id='word_1_604' title='bbox 1209 2882 1362 2911; x_wconf 86' lang='lat' dir='ltr'>interdum</span> <span class='ocrx_word' id='word_1_605' title='bbox 1374 2883 1475 2915; x_wconf 85' lang='lat' dir='ltr'>flebat,</span> <span class='ocrx_word' id='word_1_606' title='bbox 1495 2884 1549 2911; x_wconf 84' lang='lat' dir='ltr'>sed</span> <span class='ocrx_word' id='word_1_607' title='bbox 1567 2892 1623 2913; x_wconf 86' lang='lat' dir='ltr'>sua</span> <span class='ocrx_word' id='word_1_608' title='bbox 1635 2888 1745 2918; x_wconf 86' lang='lat' dir='ltr'>sponte</span> <span class='ocrx_word' id='word_1_609' title='bbox 1765 2881 1926 2919; x_wconf 53' lang='lat' dir='ltr'>suscipit?</span> 
     </span>
     <span class='ocr_line' id='line_1_67' title="bbox 1047 2927 1932 2966; baseline 0.008 -13"><span class='ocrx_word' id='word_1_610' title='bbox 1047 2927 1106 2953; x_wconf 84' lang='lat' dir='ltr'>His</span> <span class='ocrx_word' id='word_1_611' title='bbox 1123 2928 1224 2955; x_wconf 80' lang='lat' dir='ltr'>verbis</span> <span class='ocrx_word' id='word_1_612' title='bbox 1242 2929 1401 2956; x_wconf 83' lang='lat' dir='ltr'>Maternus</span> <span class='ocrx_word' id='word_1_613' title='bbox 1420 2930 1512 2956; x_wconf 85' lang='lat' dir='ltr'>etiam</span> <span class='ocrx_word' id='word_1_614' title='bbox 1529 2931 1736 2958; x_wconf 73' lang='lat' dir='ltr'>accusationes</span> <span class='ocrx_word' id='word_1_615' title='bbox 1761 2932 1932 2966; x_wconf 80' lang='lat' dir='ltr'>potentium</span> 
     </span>
     <span class='ocr_line' id='line_1_68' title="bbox 1048 2975 1932 3013; baseline 0.008 -14"><span class='ocrx_word' id='word_1_616' title='bbox 1048 2979 1165 2999; x_wconf 84' lang='lat' dir='ltr'>reorum</span> <span class='ocrx_word' id='word_1_617' title='bbox 1190 2975 1229 3006; x_wconf 91' lang='grc' dir='ltr'>(ο.</span> <span class='ocrx_word' id='word_1_618' title='bbox 1253 2976 1297 3007; x_wconf 77' lang='grc'>38)</span> <span class='ocrx_word' id='word_1_619' title='bbox 1322 2977 1352 3001; x_wconf 91' lang='lat' dir='ltr'>et</span> <span class='ocrx_word' id='word_1_620' title='bbox 1375 2975 1422 3001; x_wconf 77' lang='lat' dir='ltr'>ius</span> <span class='ocrx_word' id='word_1_621' title='bbox 1441 2975 1688 3009; x_wconf 71' lang='lat' dir='ltr'>potentissimum</span> <span class='ocrx_word' id='word_1_622' title='bbox 1716 2984 1861 3013; x_wconf 77' lang='lat' dir='ltr'>quemque</span> <span class='ocrx_word' id='word_1_623' title='bbox 1882 2987 1932 3006; x_wconf 86' lang='lat' dir='ltr'>ve-</span> 
     </span>
     <span class='ocr_line' id='line_1_69' title="bbox 1046 3017 1931 3058; baseline 0.009 -14"><span class='ocrx_word' id='word_1_624' title='bbox 1046 3017 1142 3045; x_wconf 75' lang='lat' dir='ltr'>aeandi</span> <span class='ocrx_word' id='word_1_625' title='bbox 1154 3019 1290 3046; x_wconf 86' lang='lat' dir='ltr'>alienum</span> <span class='ocrx_word' id='word_1_626' title='bbox 1309 3028 1376 3048; x_wconf 87' lang='lat' dir='ltr'>esse</span> <span class='ocrx_word' id='word_1_627' title='bbox 1394 3022 1529 3049; x_wconf 83' lang='lat' dir='ltr'>ostendit</span> <span class='ocrx_word' id='word_1_628' title='bbox 1548 3029 1567 3050; x_wconf 87' lang='lat' dir='ltr'>a</span> <span class='ocrx_word' id='word_1_629' title='bbox 1585 3023 1757 3055; x_wconf 76' lang='lat' dir='ltr'>composita</span> <span class='ocrx_word' id='word_1_630' title='bbox 1775 3026 1806 3051; x_wconf 88' lang='lat' dir='ltr'>et</span> <span class='ocrx_word' id='word_1_631' title='bbox 1826 3025 1931 3058; x_wconf 85' lang='lat' dir='ltr'>quieta</span> 
     </span>
     <span class='ocr_line' id='line_1_70' title="bbox 1048 3065 1926 3105; baseline 0.009 -15"><span class='ocrx_word' id='word_1_632' title='bbox 1048 3066 1077 3090; x_wconf 88' lang='lat' dir='ltr'>et</span> <span class='ocrx_word' id='word_1_633' title='bbox 1095 3065 1185 3092; x_wconf 85' lang='lat' dir='ltr'>beata</span> <span class='ocrx_word' id='word_1_634' title='bbox 1202 3072 1235 3092; x_wconf 91' lang='lat' dir='ltr'>re</span> <span class='ocrx_word' id='word_1_635' title='bbox 1253 3067 1388 3098; x_wconf 84' lang='lat' dir='ltr'>publiea.</span> <span class='ocrx_word' id='word_1_636' title='bbox 1407 3082 1442 3089; x_wconf 90' lang='lat'>—-</span> <span class='ocrx_word' id='word_1_637' title='bbox 1459 3068 1508 3095; x_wconf 81' lang='lat' dir='ltr'>Ad</span> <span class='ocrx_word' id='word_1_638' title='bbox 1525 3075 1590 3095; x_wconf 87' lang='lat' dir='ltr'>rem</span> <span class='ocrx_word' id='word_1_639' title='bbox 1608 3068 1648 3097; x_wconf 66' lang='grc' dir='ltr'>οἵ.</span> <span class='ocrx_word' id='word_1_640' title='bbox 1663 3068 1767 3102; x_wconf 76' lang='lat' dir='ltr'>Quint.</span> <span class='ocrx_word' id='word_1_641' title='bbox 1786 3073 1811 3105; x_wconf 81' lang='lat' dir='ltr'>e,</span> <span class='ocrx_word' id='word_1_642' title='bbox 1833 3073 1858 3104; x_wconf 87' lang='lat'>1,</span> <span class='ocrx_word' id='word_1_643' title='bbox 1871 3072 1926 3098; x_wconf 75' lang='lat'>³5:</span> 
     </span>
     <span class='ocr_line' id='line_1_71' title="bbox 1048 3108 1929 3146; baseline 0.009 -11"><span class='ocrx_word' id='word_1_644' title='bbox 1048 3108 1126 3143; x_wconf 84' lang='lat' dir='ltr'>quod</span> <span class='ocrx_word' id='word_1_645' title='bbox 1145 3118 1241 3145; x_wconf 67' lang='lat' dir='ltr'>genus</span> <span class='ocrx_word' id='word_1_646' title='bbox 1271 3113 1421 3146; x_wconf 84' lang='lat' dir='ltr'>(loquitur</span> <span class='ocrx_word' id='word_1_647' title='bbox 1443 3114 1476 3140; x_wconf 91' lang='lat' dir='ltr'>in</span> <span class='ocrx_word' id='word_1_648' title='bbox 1503 3114 1610 3146; x_wconf 86' lang='lat' dir='ltr'>primis</span> <span class='ocrx_word' id='word_1_649' title='bbox 1636 3115 1679 3142; x_wconf 92' lang='lat' dir='ltr'>de</span> <span class='ocrx_word' id='word_1_650' title='bbox 1702 3115 1929 3143; x_wconf 73' lang='lat' dir='ltr'>difficilioribus</span> 
     </span>
     <span class='ocr_line' id='line_1_72' title="bbox 1048 3155 1930 3196; baseline 0.008 -15"><span class='ocrx_word' id='word_1_651' title='bbox 1048 3155 1290 3192; x_wconf 72' lang='lat' dir='ltr'>defensionibus,</span> <span class='ocrx_word' id='word_1_652' title='bbox 1310 3159 1412 3191; x_wconf 89' lang='lat' dir='ltr'>qualis</span> <span class='ocrx_word' id='word_1_653' title='bbox 1431 3159 1491 3186; x_wconf 71' lang='lat' dir='ltr'>ruit</span> <span class='ocrx_word' id='word_1_654' title='bbox 1503 3159 1663 3193; x_wconf 81' lang='lat' dir='ltr'>Murenae)</span> <span class='ocrx_word' id='word_1_655' title='bbox 1682 3161 1795 3188; x_wconf 79' lang='lat' dir='ltr'>nostris</span> <span class='ocrx_word' id='word_1_656' title='bbox 1815 3163 1930 3196; x_wconf 82' lang='lat' dir='ltr'>tempo-</span> 
     </span>
     <span class='ocr_line' id='line_1_73' title="bbox 1047 3201 1932 3237; baseline 0.009 -10"><span class='ocrx_word' id='word_1_657' title='bbox 1047 3201 1132 3228; x_wconf 79' lang='lat' dir='ltr'>ribus</span> <span class='ocrx_word' id='word_1_658' title='bbox 1146 3209 1247 3237; x_wconf 82' lang='lat' dir='ltr'>paene</span> <span class='ocrx_word' id='word_1_659' title='bbox 1265 3203 1415 3232; x_wconf 75' lang='lat' dir='ltr'>sublatum</span> <span class='ocrx_word' id='word_1_660' title='bbox 1434 3207 1489 3237; x_wconf 80' lang='lat' dir='ltr'>est,</span> <span class='ocrx_word' id='word_1_661' title='bbox 1507 3213 1572 3232; x_wconf 84' lang='lat' dir='ltr'>cum</span> <span class='ocrx_word' id='word_1_662' title='bbox 1590 3206 1689 3234; x_wconf 83' lang='lat' dir='ltr'>omnia</span> <span class='ocrx_word' id='word_1_663' title='bbox 1702 3214 1792 3234; x_wconf 83' lang='lat' dir='ltr'>curae</span> <span class='ocrx_word' id='word_1_664' title='bbox 1805 3207 1932 3234; x_wconf 83' lang='lat' dir='ltr'>tutelae-</span> 
     </span>
     <span class='ocr_line' id='line_1_74' title="bbox 1050 3247 1930 3288; baseline 0.006 -14"><span class='ocrx_word' id='word_1_665' title='bbox 1050 3254 1107 3282; x_wconf 82' lang='lat' dir='ltr'>que</span> <span class='ocrx_word' id='word_1_666' title='bbox 1124 3247 1215 3276; x_wconf 75' lang='lat' dir='ltr'>unius</span> <span class='ocrx_word' id='word_1_667' title='bbox 1234 3248 1345 3277; x_wconf 71' lang='lat' dir='ltr'>innioea</span> <span class='ocrx_word' id='word_1_668' title='bbox 1361 3250 1536 3286; x_wconf 84' lang='lat' dir='ltr'>periclitari</span> <span class='ocrx_word' id='word_1_669' title='bbox 1549 3251 1631 3279; x_wconf 89' lang='lat' dir='ltr'>nullo</span> <span class='ocrx_word' id='word_1_670' title='bbox 1643 3252 1747 3281; x_wconf 84' lang='lat' dir='ltr'>iudicii</span> <span class='ocrx_word' id='word_1_671' title='bbox 1758 3253 1842 3281; x_wconf 67' lang='lat' dir='ltr'>emim</span> <span class='ocrx_word' id='word_1_672' title='bbox 1855 3260 1930 3288; x_wconf 76' lang='lat' dir='ltr'>pos-</span> 
     </span>
     <span class='ocr_line' id='line_1_75' title="bbox 1048 3294 1178 3322; baseline 0.023 -2"><span class='ocrx_word' id='word_1_673' title='bbox 1048 3294 1118 3322; x_wconf 74' lang='lat' dir='ltr'>sint.</span> <span class='ocrx_word' id='word_1_674' title='bbox 1144 3309 1178 3316; x_wconf 89' lang='lat'>—</span> 
     </span>
    </p>
   </div>
  </div>
 </body>
</html>
