2176 3672
699 222 872 265 LIBER
900 223 932 265 1.
991 221 1092 277 Cap.
1117 222 1184 265 67.
1216 223 1283 266 68.
1315 223 1382 266 69.
1418 222 1484 266 70.
1896 222 1981 266 285

206 340 338 392 caput
365 338 480 380 iusto
509 337 677 391 agmine
704 340 946 391 peteretur,
976 338 1095 380 missi
1125 338 1199 391 qui
1228 313 1433 380 dederent
1462 337 1702 390 civitatem;
1744 339 1788 380 et
1817 338 1979 380 deditio

206 420 394 472 accepta.
441 418 485 460 in
513 416 683 471 Iulium
700 416 902 471 Alpinum
943 429 967 459 e
995 417 1259 471 principibus
1298 421 1348 460 ut
1378 417 1632 460 concitorem
1670 416 1771 460 belli
1801 416 1982 460 Caecina

205 497 525 540 animadvertit:
566 500 731 539 ceteros
769 498 917 539 veniae
955 496 1021 539 vel
1060 498 1265 540 saevitiae
1292 497 1457 540 Vitellii
1485 497 1670 551 reliquit.
1731 497 1824 552 (69)
1864 497 1981 540 haud

205 574 332 620 facile
372 577 491 619 dictu
531 580 619 630 est,
659 576 792 631 legati
821 576 1114 619 Helvetiorum
1142 578 1282 620 minus
1311 572 1562 631 placabilem
1591 577 1892 631 imperatorem
1923 590 1978 619 an

205 656 384 700 militem
424 657 671 699 invenerint.
715 657 902 700 civitatis
943 657 1152 700 excidium
1192 661 1395 711 poscunt,
1435 657 1523 700 tela
1560 669 1610 700 ac
1639 670 1789 700 manus
1829 657 1872 700 in
1902 670 1980 700 ora
2016 668 2036 698 5

203 735 441 791 legatorum
478 737 702 779 intentant.
746 749 800 779 ne
827 737 1027 780 Vitellius
1063 738 1234 792 quidem
1273 737 1414 780 verbis
1454 741 1498 780 et
1534 737 1659 780 minis
1699 737 1978 791 temperabat,

205 827 301 859 cum
329 815 534 860 Claudius
565 815 743 870 Cossus,
786 830 896 859 unus
938 830 988 859 ex
1026 817 1178 871 legatis
1191 852 1201 871 ,
1243 820 1371 860 notae
1408 816 1654 870 facundiae,
1695 818 1772 860 sed
1811 818 1980 860 dicendi

204 898 341 939 artem
379 900 483 951 apta
521 898 809 951 trepidatione
849 897 1066 940 occultans
1107 901 1237 952 atque
1276 910 1326 940 eo
1356 897 1561 950 validior,
1603 897 1752 940 militis
1792 898 1979 940 animum

202 975 429 1029 mitigavit,
459 980 509 1019 ut
539 980 606 1019 est
633 990 724 1020 mos
748 977 890 1031 vulgo,
919 977 1166 1020 mutabilem
1186 963 1340 1020 sussitis
1363 980 1407 1020 et
1430 980 1519 1019 tam
1541 990 1723 1031 pronum
1746 978 1789 1020 in
1812 978 1977 1020 miseri-

204 1055 395 1098 cordiam
431 1069 560 1111 quam
600 1057 836 1100 inmodicus
878 1058 1059 1100 saevitia
1096 1056 1260 1100 fuerat:
1305 1056 1449 1099 effusis
1488 1057 1677 1100 lacrimis
1720 1061 1764 1100 et
1803 1057 1978 1100 meliora
1991 1069 2035 1100 ιο

204 1136 468 1179 constantius
516 1137 775 1191 postulando
819 1138 1118 1191 impunitatem
1162 1137 1428 1191 salutemque
1472 1137 1637 1180 civitati
1683 1138 1976 1192 impetravere.

204 1214 298 1271 (70)
330 1215 511 1259 Caecina
539 1229 698 1271 paucos
728 1217 770 1259 in
800 1217 1009 1260 Helvetiis
1039 1221 1232 1260 moratus
1262 1217 1377 1270 dies,
1420 1217 1522 1259 dum
1552 1218 1788 1260 sententiae
1816 1218 1979 1261 Vitellii

205 1296 360 1338 certior
388 1294 521 1351 fieret,
550 1297 677 1339 simul
706 1298 935 1340 transitum
956 1297 1130 1351 Alpium
1158 1310 1329 1352 paranS,
1359 1297 1519 1339 laetum
1550 1310 1599 1340 ex
1626 1297 1754 1340 Italia
1781 1298 1978 1341 nuntium

298 1458 315 1487 1
342 1456 448 1496 capud
518 1456 627 1488 dede?
698 1458 717 1487 2
742 1458 855 1497 cecina
876 1462 985 1488 notam
1008 1458 1068 1488 del.
1100 1460 1149 1488 lm
1217 1459 1238 1489 3
1264 1458 1375 1488 anima
1399 1458 1506 1488 adfltit
1575 1460 1596 1489 4
1626 1463 1704 1498 post
1726 1460 1823 1499 placa
1842 1459 1978 1502 {solium

205 1502 248 1533 57
273 1501 392 1532 codicis
416 1502 554 1533 Medicei
574 1502 710 1534 desinit.-
734 1503 840 1534 omm‘a
863 1514 887 1534 a
909 1504 982 1542 syll.
1005 1504 1106 1535 bilem
1128 1513 1226 1542 usque
1249 1503 1297 1534 ad
1318 1514 1345 1534 c.
1366 1505 1409 1535 75
1434 1504 1593 1535 incertum
1617 1505 1729 1535 desunt
1750 1506 1806 1543 M„
1831 1507 1922 1537 cuius
1943 1507 1978 1536 in

202 1547 347 1586 uambae
367 1548 477 1587 infima
499 1549 716 1580 recentissima
737 1559 853 1580 manus
875 1549 1063 1580 adnotavit.-
1086 1551 1191 1581 Deest
1215 1548 1315 1580 Carta
1338 1549 1369 1581 h.
1388 1560 1414 1580 ε.
1438 1560 1533 1580 unum
1545 1550 1677 1589 solebam.
1700 1551 1749 1581 ad
1768 1552 1851 1582 hunc
1872 1552 1976 1583 locum

202 1593 269 1623 iam
291 1597 364 1624 ante,
388 1594 558 1626 thon'um
581 1595 772 1633 deficientem
789 1600 866 1635 post
880 1596 1047 1626 Baiter-um
1071 1596 1190 1627 contuli
1212 1596 1291 1627 duos
1313 1595 1396 1626 alios
1411 1595 1534 1627 codices
1550 1596 1754 1628 Florentinos
1775 1597 1978 1628 bibliothecae

202 1639 441 1671 Lamachum
456 1640 562 1681 plutei
583 1642 626 1673 68
650 1641 720 1672 cod.
736 1643 757 1672 4
782 1646 812 1672 et
836 1643 855 1671 5
884 1642 986 1684 (nobis
1001 1652 1034 1679 a,
1052 1640 1085 1683 b)
1108 1642 1235 1672 saeculo
1254 1643 1294 1673 15
1319 1651 1358 1671 ετ
1382 1642 1428 1672 Μ.
1453 1642 1642 1682 descriptas,
1666 1647 1839 1683 antequam
1862 1644 1978 1675 charta

201 1684 262 1715 eva
279 1686 439 1726 perii-ssd.
465 1687 522 1727 (cs.
546 1687 747 1718 ἙἸεοῘεείεεπί
768 1687 879 1718 annal.
902 1698 933 1718 a.
953 1690 1040 1720 1882
1058 1698 1094 1727 p.
1116 1688 1180 1719 139
1198 1689 1282 1727 sqq.)

203 1728 250 1774 et]
275 1740 314 1762 ae
337 1742 360 1762 a
382 1732 494 1773 (minis
517 1742 556 1763 ac
578 1733 690 1764 verbis
714 1733 788 1774 alii)
873 1736 891 1765 7
929 1742 1030 1772 quum
1053 1734 1072 1764 b

204 1773 320 1820 (miltis
343 1775 417 1821 (εἰσ)
434 1778 532 1819 corr.)
600 1781 620 1810 9
645 1779 746 1819 uulgo
770 1779 848 1810 alii.-
869 1781 989 1819 uulgus
1012 1779 1064 1810 ab

203 1823 294 1855 dieue
317 1824 533 1855 necashaim.-
554 1825 734 1856 modicum
757 1836 790 1863 a,
813 1826 848 1856 in
871 1826 1035 1857 modicum
1058 1825 1078 1855 b

203 1983 374 2023 Avencbes,
398 1983 593 2016 Germanice
623 1983 822 2025 Wiflisbwq,
846 1985 935 2016 haud
957 1986 1072 2026 procul

203 2049 226 2071 a
246 2040 430 2081 Friburgo,
463 2042 555 2072 cuius
578 2042 814 2082 Inscriptiones
837 2042 912 2074 dedi
935 2043 976 2073 N.
1003 2043 1070 2075 360

204 2099 328 2130 -400,
374 2098 456 2130 Post
485 2099 623 2130 Fluvios
655 2099 772 2130 deinde
804 2099 967 2140 gloriosus
1000 2100 1070 2131 eius

202 2155 318 2186 titulus
349 2156 411 2187 fuit
441 2153 637 2187 001,on
668 2156 746 2187 PIA
770 2156 860 2186 FLA
869 2156 944 2187 VIA
969 2154 1070 2187 CON-

203 2210 358 2243 STANS
366 2212 579 2244 EMERITA
591 2213 687 2244 HEL
694 2212 942 2244 VETIOBUM.
967 2214 1070 2245 Inscr.

1352 1689 1372 1719 5
1396 1688 1552 1719 nouitatis
1576 1688 1629 1719 ab

1144 1734 1348 1764 cossutianus
1371 1732 1391 1763 b
1460 1744 1478 1764 e
1502 1745 1525 1764 a
1549 1731 1625 1777 (non
1651 1733 1684 1776 b)

1132 1780 1288 1810 mutabile
1312 1778 1365 1810 ab
1434 1780 1658 1811 misericordia
1681 1791 1703 1811 a
1716 1780 1735 1811 b

1148 1827 1190 1857 12
1217 1826 1339 1857 Cecina
1362 1825 1415 1856 ab

1699 1691 1718 1721 6
1744 1689 1943 1730 intemptent
1957 1690 1977 1720 b

1771 1736 1790 1766 8
1824 1737 1934 1767 multis
1958 1736 1978 1766 b

1807 1783 1849 1813 10
1872 1783 1976 1813 inmo-

1153 1987 1207 2017 69.
1257 1985 1398 2016 civitatis
1429 1983 1599 2029 eaecfflium]
1635 1995 1701 2017 non
1725 1986 1870 2017 omnium
1894 1987 1976 2018 Hel·

1106 2043 1270 2074 vetiorum
1292 2045 1343 2083 (ut
1365 2042 1519 2074 credebat
1534 2043 1673 2074 Mueller
1696 2042 1974 2083 Schweizerqesck.

1110 2102 1139 2138 1,
1158 2102 1177 2130 6
1202 2110 1235 2140 p.
1255 2100 1324 2138 55),
1348 2100 1406 2131 sed
1421 2100 1585 2138 Avantici,
1611 2100 1697 2139 quod
1720 2101 1822 2139 gentis
1846 2106 1975 2141 caput

1107 2157 1177 2189 fuit.
1214 2158 1255 2200 (c.
1283 2155 1352 2198 68.)
1394 2156 1583 2188 GuTuAnn.
1610 2175 1654 2180 --
1690 2157 1793 2188 verbis
1815 2163 1844 2188 et
1867 2156 1973 2202 minis]

1107 2214 1148 2253 3,
1174 2214 1218 2245 24
1252 2213 1347 2244 minis
1378 2218 1407 2245 et
1441 2213 1553 2245 verbis.
1581 2232 1621 2237 —
1659 2211 1812 2245 Claudi-us
1845 2213 1973 2258 Coum]

203 2279 248 2300 m.
271 2269 310 2300 L.
336 2270 377 2301 N.
404 2270 491 2308 363,
525 2271 581 2310 qui
613 2271 693 2302 satis
717 2270 920 2302 demonstrat
954 2280 1026 2302 eam
1051 2281 1071 2301 a
1105 2270 1172 2302 MS.
1210 2270 1317 2302 Oxon.
1352 2269 1515 2302 Cornelius
1539 2270 1671 2310 Consus,
1704 2272 1793 2310 quod
1824 2272 1976 2311 placebat

203 2328 408 2369 Vespasiano
439 2328 475 2359 in
498 2328 609 2359 damni
632 2328 695 2360 hoc
717 2327 805 2359 bello
829 2328 897 2360 dati
918 2329 1070 2360 levamen

203 2385 323 2418 rectam
355 2395 428 2417 esse
457 2384 631 2417 coloniam.
679 2383 747 2416 Sub
780 2386 972 2418 Constantio
1003 2386 1069 2416 iam

202 2443 365 2475 desertam
394 2446 532 2474 testatur
563 2442 757 2473 Ammianus
780 2443 990 2475 Marcellinus
1016 2444 1069 2481 15,

204 2502 265 2540 11,
292 2501 352 2532 12:
385 2498 593 2538 Aventicum,
629 2498 786 2531 desertam
808 2500 934 2539 quidem
958 2500 1070 2531 civita-

201 2562 281 2597 ten,
305 2557 365 2589 sed
383 2567 448 2589 non
469 2556 635 2596 ignobilem
659 2556 838 2597 quondam,
861 2562 896 2588 ut
918 2557 1072 2597 aedificia

200 2615 353 2646 miv-tcta
367 2625 451 2647 nanc
466 2625 587 2655 quoque
603 2615 827 2646 denorum-ant.
851 2615 963 2646 chx.
997 2614 1069 2653 Quo

201 2674 349 2712 tempore
381 2673 428 2704 ita
461 2673 604 2704 dirutum
627 2673 688 2711 sit,
722 2682 838 2713 parum
861 2675 1000 2704 constat.
1026 2689 1069 2694 —-

201 2729 318 2762 Balita»
333 2727 498 2773 Alpinum]
523 2729 563 2761 de
579 2739 644 2769 quo
666 2730 728 2761 illa
752 2730 925 2770 inscriptio
942 2730 983 2760 N.
1001 2729 1069 2760 400

202 2789 371 2828 tantopere
394 2786 560 2819 celebrata
583 2787 625 2818 ab
648 2788 696 2818 10.
721 2787 761 2818 de
785 2787 924 2818 Mueller
949 2789 982 2817 et
1004 2786 1069 2825 By·

202 2844 312 2876 renio:
352 2844 377 2875 Ι
378 2844 488 2875 VLIA
526 2842 764 2875 ALPINVLA
803 2843 885 2875 HIC
919 2840 1069 2884 JACEQ‘}

203 2899 433 2932 HBELJOIS
463 2901 630 2933 PATRIS
659 2901 857 2932 INFELIX
883 2898 1069 2942 PROLESU

1105 2329 1171 2361 lac.
1208 2327 1387 2360 Gronovio.
1438 2327 1524 2360 Sane
1560 2328 1675 2359 Cossus
1709 2332 1760 2359 est
1790 2338 1974 2367 cognomen

1106 2385 1353 2424 Corneliorum,
1379 2395 1444 2417 non
1469 2385 1699 2427 Claudiorum3
1723 2386 1820 2424 idque
1846 2389 1879 2417 et
1900 2386 1973 2426 ipse

1105 2452 1222 2474 verum
1244 2446 1335 2482 puto.
1372 2442 1458 2474 Ean.
1506 2443 1611 2474 Immo
1644 2443 1853 2474 verissimum
1888 2446 1975 2474 esset

1106 2498 1274 2530 Ciceronis
1290 2503 1458 2539 tempore3
1483 2499 1540 2530 sed
1563 2499 1624 2530 hac
1647 2504 1754 2531 aetate
1778 2500 1973 2539 praesertim

1105 2566 1164 2596 per
1197 2557 1385 2596 provincias
1420 2556 1564 2586 maxima
1598 2556 1664 2586 iam
1698 2560 1769 2587 erat
1803 2557 1973 2588 nominum

1105 2614 1273 2653 confusio,
1310 2614 1392 2644 adeo
1425 2616 1461 2643 ut
1490 2613 1524 2643 in
1550 2613 1663 2643 Tacito
1687 2613 1798 2643 omnia
1829 2613 1973 2644 nitantur

1105 2670 1178 2700 sola
1200 2670 1339 2701 duorum
1361 2669 1461 2701 Codd.
1481 2670 1588 2700 Medd.
1614 2670 1685 2701 fide.
1711 2686 1755 2692 —
1778 2674 1813 2700 ut
1834 2674 1882 2701 est
1903 2679 1972 2702 moe

1104 2724 1210 2769 vulgo]
1236 2736 1263 2757 c.
1285 2728 1302 2757 7
1327 2730 1362 2758 ut
1379 2731 1424 2757 est
1446 2735 1512 2757 mos
1535 2726 1630 2765 vulpi,
1655 2727 1741 2757 Ann.
1762 2728 1794 2765 1,
1813 2729 1854 2759 39
1877 2731 1974 2766 utque

1104 2793 1172 2814 mos
1194 2784 1303 2822 vulgo,
1329 2786 1361 2822 4,
1388 2785 1430 2814 64
1456 2782 1511 2821 qui
1531 2792 1599 2813 mos
1622 2782 1734 2821 vul90,
1762 2785 1814 2821 12,
1839 2784 1882 2814 4⁷
1905 2793 1972 2814 moe

1104 2846 1150 2871 est
1172 2841 1308 2880 reyibus.
1331 2858 1377 2864 —
1410 2840 1591 2870 mutabilem
1613 2856 1656 2863 ——
1673 2836 1801 2883 fiacr-at]
1826 2849 1892 2870 non
1917 2850 1972 2880 ge-

1105 2898 1246 2935 neralis,
1287 2898 1344 2928 sed
1376 2897 1530 2936 specialis
1564 2900 1613 2927 est
1645 2896 1826 2927 sentent-Ia:
1860 2896 1973 2927 militie

203 2955 334 2989 DEAE
358 2958 531 2990 AVENT.
563 2956 970 3002 SAGERDWXORARE
991 2954 1068 2986 ΡΑ·
1103 2954 1243 2984 animum
1266 2954 1443 2993 mitiqam't,
1467 2954 1523 2992 qui
1547 2956 1617 2984 erat
1638 2952 1687 2995 (ut
1709 2956 1757 2983 eat
1778 2961 1846 2983 mos
1867 2951 1973 2995 vulpe)

206 3011 307 3046 TRIS
332 3015 500 3047 NEOEM
518 3015 616 3046 NON
635 3013 933 3059 POTV111MALE
956 3012 1073 3044 MORJ
1102 3010 1263 3042 mutabilia
1297 3011 1407 3041 cubitis
1438 3014 1467 3040 et
1498 3014 1564 3040 tam
1590 3018 1714 3049 pronus
1737 3010 1772 3039 in
1794 3009 1972 3041 misericor-

202 3070 257 3101 IN
296 3071 439 3104 FATJS
480 3072 581 3102 ILLI
621 3070 875 3114 ERATHVJXI
914 3069 1070 3100 ANNOS
1104 3068 1192 3098 diam
1216 3077 1311 3106 quam
1334 3066 1509 3098 asmodaeus
1533 3067 1668 3097 saevitia
1680 3065 1807 3105 ficerat.
1831 3083 1876 3089 —
1911 3076 1972 3097 me—

202 3126 325 3160 XXIII.
343 3130 481 3160 conficta
496 3138 517 3159 a
532 3129 635 3159 Paulo
654 3127 827 3159 Gulielmo.
875 3127 980 3158 Filiae
998 3127 1067 3156 eius
1084 3135 1086 3170 j
1103 3121 1202 3167 liora]
1238 3124 1323 3155 bene
1347 3123 1478 3154 Ernesti
1501 3123 1699 3163 scripturam
1722 3123 1869 3154 codicum
1892 3126 1970 3155 noto

200 3184 303 3216 Iuliae
335 3185 511 3224 Alpinulae
546 3195 665 3216 nomen
699 3185 852 3216 falsarius
887 3182 1067 3222 desumpsit
1106 3182 1161 3211 ino
1186 3181 1222 3211 di
1243 3180 1376 3211 meliora
1399 3183 1525 3217 tuetur,
1560 3185 1595 3210 ut
1618 3189 1683 3211 nou
1707 3189 1789 3220 opus
1821 3180 1863 3211 sit
1894 3180 1972 3211 mol·

201 3250 243 3271 ex
274 3240 485 3280 inscriptione
520 3242 665 3280 Aquensi
700 3241 741 3272 N.
776 3241 842 3272 457
879 3238 1066 3269 ALPINIA
1104 3237 1188 3267 liora
1212 3235 1393 3279 (At-,idalius
1416 3240 1448 3267 et
1471 3236 1619 3277 Lipsius)
1648 3237 1703 3267 vel
1724 3236 1855 3268 mitiora
1877 3237 1971 3279 (Moi—

202 3295 443 3327 APLJNULA.
1106 3292 1172 3334 ser)
1197 3293 1370 3332 corrigere.
