2176 3672
670 324 844 367 LIBER
871 324 928 366 11.
987 322 1088 377 Cap.
1119 324 1185 366 49.
1215 321 1283 366 50.
1314 323 1381 366 51.
1411 322 1478 365 52.
1878 321 1960 364 351

194 439 409 482 hominum
439 441 516 482 aut
544 438 970 482 circumvolitantium
1000 436 1150 480 alitum
1180 438 1375 481 territam
1405 437 1645 492 pulsamve,
1686 437 1819 480 donec
1849 436 1962 479 Otho

196 531 246 563 se
272 519 367 574 ipse
393 517 671 571 interficeret3
713 521 806 561 tum
845 517 1032 561 ablatam
1069 530 1119 560 ex
1157 517 1312 570 oculis3
1354 521 1398 561 et
1437 521 1631 572 tempora
1668 516 1962 571 reputantibus

195 594 367 643 initium
394 597 603 653 finemque
630 597 825 641 miraculi
854 610 949 640 cum
979 597 1157 640 Othonis
1188 598 1305 640 exitu
1335 598 1598 652 competisse.

310 678 404 733 (51)
440 678 491 721 In
527 676 675 721 funere
713 678 803 721 eius
842 680 998 738 novata
1035 677 1155 720 luctu
1184 689 1234 720 ac
1264 677 1409 721 dolore
1447 677 1630 720 militum
1669 677 1845 730 seditio,
1886 688 1963 719 nec

196 760 293 801 erat
320 758 394 813 qui
422 760 645 802 coerceret.
689 758 746 800 ad
774 757 1020 811 Verginium
1058 758 1192 811 versi,
1231 758 1356 800 modo
1395 760 1445 800 ut
1480 758 1690 811 reciperet
1726 756 1962 811 imperium,
1999 765 2020 797 5

195 850 308 881 nunc
345 841 396 881 ut
422 837 634 891 legatione
670 837 785 891 apud
815 836 1036 880 Caecinam
1075 850 1126 880 ac
1153 838 1374 881 Valentem
1409 837 1676 892 fungeretur,
1719 836 1963 879 minitantes

197 918 398 962 orabant:
432 918 653 972 Verginius
682 930 759 972 per
787 929 979 960 aversam
1008 918 1160 960 domus
1188 922 1353 972 partem
1383 917 1532 960 furtim
1560 917 1778 971 digressus
1806 916 1964 959 inrum-

196 999 347 1052 pentes
383 996 618 1041 frustratus
661 1001 736 1040 est.
783 1010 929 1040 earum
968 1010 1078 1051 quae
1115 996 1292 1040 Brixelli
1330 1000 1506 1051 egerant
1542 997 1778 1040 cohortium
1817 1009 1964 1050 preces

199 1077 386 1121 Rubrius
407 1077 556 1121 Gallus
576 1077 688 1131 tulit,
718 1080 764 1121 et
790 1078 916 1120 venia
945 1077 1091 1120 statim
1121 1078 1362 1131 impetrata,
1392 1076 1718 1120 concedentibus
1748 1077 1803 1120 ad
1831 1077 1964 1120 victo-

200 1170 291 1202 rem
319 1171 398 1212 per
425 1157 619 1201 Flavium
649 1156 850 1200 Sabinum
879 1158 933 1200 iis
962 1157 1106 1211 copiis,
1136 1157 1287 1211 quibus
1316 1156 1572 1211 praefuerat.
1979 1165 2021 1197 ιο

314 1237 408 1292 (52)
446 1237 593 1280 Posito
628 1237 783 1292 ubique
821 1237 932 1280 bello
961 1249 1114 1291 magna
1142 1250 1242 1292 pars
1272 1240 1447 1280 senatus
1477 1240 1710 1280 extremum
1739 1237 1965 1279 discrimen

200 1318 320 1372 adiit,
349 1317 541 1372 profecta
569 1330 663 1361 cum
683 1317 850 1361 Othone
878 1316 930 1360 ab
961 1316 1077 1371 urbe,
1108 1318 1204 1360 dein
1227 1317 1419 1360 Mutinae
1446 1316 1608 1360 relicta.
1653 1316 1755 1360 illuc
1785 1317 1964 1360 adverso

200 1397 255 1441 de
282 1397 447 1452 proelio
476 1397 690 1441 adlatum:
730 1398 808 1440 sed
836 1397 991 1440 milites
1021 1400 1069 1440 ut
1096 1396 1252 1440 falsum
1280 1410 1493 1440 rumorem
1523 1399 1823 1451 aspernantes,
1852 1396 1966 1450 quod

199 1477 407 1521 infensum
449 1477 606 1521 Othoni
645 1481 840 1521 senatum
880 1477 1220 1531 arbitrabantur,
1264 1478 1478 1521 custodire
1521 1490 1758 1530 sermones,
1802 1476 1965 1519 voltum

200 1557 475 1612 habitumque
503 1557 674 1601 trahere
701 1558 745 1600 in
773 1558 983 1610 deterius3
1025 1558 1224 1601 conviciis
1263 1561 1479 1612 postremo
1516 1570 1566 1600 ac
1595 1557 1761 1612 probris
1794 1569 1966 1600 causam
1981 1567 2022 1598 15

202 1641 246 1682 et
273 1638 443 1682 initium
473 1638 614 1682 caedis
643 1637 922 1692 quaerebant,
965 1649 1059 1680 cum
1088 1637 1199 1681 alius
1236 1638 1411 1693 insuper
1438 1641 1578 1681 metus
1609 1637 1873 1680 senatoribus
1902 1637 1966 1680 in-

201 1721 349 1772 staret,
377 1730 431 1761 ne
458 1717 714 1773 praevalidis
734 1718 819 1762 iam
838 1717 1003 1762 Vitellii
1030 1718 1225 1772 partibus
1246 1721 1491 1762 cunctanter
1512 1719 1728 1772 excepisse
1746 1718 1966 1762 victoriam

295 1869 316 1900 2
350 1867 462 1898 ablata
553 1868 573 1898 5
607 1867 728 1907 nigenii-1
831 1869 848 1899 ‘1
886 1867 1061 1907 nen-genius
1152 1868 1255 1899 adi-isa
1347 1868 1520 1908 degressus
1553 1868 1730 1907 Inrfipente
1834 1870 1854 1898 8
1889 1867 1966 1907 pecs

207 1915 228 1945 9
251 1913 348 1944 uenia
439 1913 632 1954 impetrata3
655 1914 770 1945 eadem
793 1913 869 1944 data
892 1914 931 1943 L.
956 1913 1091 1952 Spenqel
1183 1915 1226 1945 10
1249 1913 1340 1953 copis
1435 1916 1475 1945 12
1499 1913 1646 1954 profecta
1669 1914 1791 1953 (notam
1815 1913 1874 1945 del.
1903 1916 1967 1954 lm)

209 1961 250 1993 13
273 1959 398 1999 praelio
490 1962 531 1991 16
556 1959 736 1998 querebant
829 1957 928 2001 16117
953 1959 1108 1991 instraret

203 2084 324 2123 deaut«,
347 2084 369 2115 i.
392 2094 424 2124 q.
447 2094 504 2115 nec
519 2089 648 2125 postea,
672 2082 713 2118 ἐκ
734 2081 863 2117 τούτου.
901 2085 943 2115 cf.
967 2084 1066 2115 Hand
1145 2085 1198 2116 51.
1239 2083 1379 2128 partem]
1406 2084 1459 2115 Sic
1483 2085 1525 2124 3,
1549 2085 1613 2116 84:
1639 2094 1702 2124 per
1723 2095 1870 2116 aversam
1892 2087 1966 2126 (po-

205 2142 344 2173 Tursell.
367 2142 413 2172 11.
439 2152 472 2182 p.
491 2143 576 2181 240,
611 2141 667 2181 qui
700 2145 872 2181 praeterea
904 2142 1064 2181 explicat:
1101 2141 1230 2180 sticam)
1256 2142 1381 2172 Palatii
1395 2146 1533 2181 partem.
1559 2159 1603 2164 —
1627 2146 1656 2173 et
1678 2143 1772 2173 omia
1786 2143 1895 2173 stasim
1910 2142 1966 2172 im·

203 2209 288 2239 „nec
310 2199 448 2238 deinde,
481 2208 555 2230 eum
577 2201 689 2230 coetus
711 2198 879 2229 hominum
901 2199 1066 2230 adesset.“
1095 2197 1238 2241 petram]
1262 2199 1456 2237 „Bekkerus
1478 2198 1700 2238 interpungit:
1723 2200 1803 2231 tulit.
1829 2205 1858 2230 et
1874 2199 1968 2230 venia

202 2257 314 2288 Bacn.
340 2274 384 2279 —
418 2260 562 2296 tempora
591 2253 819 2299 reputantibus]
853 2255 888 2286 id
911 2259 976 2294 est,
1016 2255 1068 2294 „si
1102 2256 1208 2286 statim
1230 2255 1401 2295 impetrata
1424 2256 1661 2287 concedentibus
1684 2259 1743 2288 etc.
1791 2256 1874 2295 Sed,
1902 2256 1966 2287 nisi

204 2313 278 2353 quis
300 2316 448 2353 tempora
470 2314 670 2354 reputaret,“
695 2313 764 2356 (vel
778 2313 903 2352 potius:
930 2313 986 2353 „ii,
1010 2312 1066 2351 qui
1102 2313 1219 2353 fallor,
1256 2312 1360 2344 verba
1382 2317 1412 2343 et
1433 2313 1526 2344 venia
1558 2313 1664 2343 statim
1693 2313 1863 2353 impetrata
1895 2316 1966 2344 arte

202 2373 282 2402 tunc
303 2373 452 2410 tempora
473 2370 657 2401 accuratius
671 2370 878 2410 reputabant,
901 2370 1066 2402 testaban-
1102 2370 1278 2401 cohaerent
1301 2379 1374 2401 cum
1389 2370 1654 2402 antecedentibus
1670 2372 1858 2410 spectatque
1873 2370 1967 2400 venia

203 2431 259 2460 tur
281 2428 475 2468 competisse
498 2425 599 2470 cet.“)
647 2426 805 2458 Similiter
829 2429 860 2466 3,
887 2429 928 2459 8:
959 2427 1068 2466 mayni
1103 2427 1273 2466 impetrata
1302 2427 1344 2458 ad
1366 2436 1480 2467 preces
1502 2427 1618 2458 Rubrii
1643 2426 1742 2458 Galli.
1790 2427 1966 2459 Ablativus

204 2485 351 2517 nornen&
380 2485 482 2517 locum
514 2484 644 2516 obtinuit
672 2484 900 2525 reputantibus.
946 2485 979 2522 4,
1007 2486 1067 2516 171
1104 2483 1340 2515 concedentibus
1364 2487 1424 2515 cet.
1456 2494 1523 2515 non
1546 2485 1652 2516 reddit
1682 2485 1842 2516 rationem
1873 2494 1966 2524 prae-

202 2553 334 2583 νοτ-σφω
364 2542 582 2583 reputantibus
614 2542 758 2575 Galliam
790 2543 918 2574 suismet
948 2541 1068 2572 viribus
1103 2542 1306 2579 cedentium,
1331 2541 1389 2572 sed
1412 2541 1601 2580 simpliciter
1624 2542 1764 2580 indicat,
1796 2551 1878 2580 quae
1901 2541 1968 2572 sint

204 2600 388 2632 concidisse.
436 2602 467 2639 5,
494 2602 555 2631 11:
588 2604 691 2631 curres
715 2617 759 2623 —
775 2600 894 2640 procul
923 2599 1067 2630 intuenti-
1104 2599 1190 2630 sacta
1213 2599 1327 2630 eodem
1350 2600 1529 2638 tempore.“
1552 2599 1746 2629 WAL'rnER.
1795 2598 1850 2630 Sic
1869 2598 1967 2630 etiam

203 2657 261 2689 hue
277 2667 388 2698 pares.
429 2657 538 2689 Germ.
566 2660 607 2689 61
630 2657 665 2688 in
688 2658 866 2688 universum
888 2657 1071 2688 aestimanti
1104 2656 1295 2687 Louandre:
1329 2656 1358 2687 lc
1375 2655 1507 2695 pardon
1528 2656 1597 2686 leur
1612 2655 1671 2695 sut
1694 2655 1842 2693 uecordi,
1877 2660 1906 2686 et
1928 2665 1967 2686 en

198 2715 277 2756 plue
293 2725 393 2756 penes
407 2715 548 2755 peditem
570 2715 702 2746 roboris.
727 2715 836 2745 Bacn.
875 2715 915 2745 cf.
942 2715 1069 2753 Driiyer
1103 2714 1198 2744 me‘mc
1228 2717 1325 2752 tempe
1350 2712 1486 2744 Sabinus
1519 2714 1610 2744 remit
1641 2724 1685 2744 au
1714 2714 1890 2751 vainqueur
1921 2713 1967 2744 les

206 2774 299 2813 Synt.
333 2774 354 2814 ξ
377 2773 432 2804 50.
465 2788 511 2795 -—
543 2772 734 2812 competim]
768 2772 1066 2811 zusammencreffen,
1103 2774 1229 2810 troupes
1262 2769 1341 2809 qu’il
1373 2770 1595 2800 commandait.
1619 2787 1664 2793 —-
1701 2769 1854 2801 Flavium
1877 2769 1967 2800 Sabi-

206 2830 373 2862 concoun’r
404 2829 572 2868 Bnmouf,
604 2829 776 2861 comm-der
805 2830 999 2867 Louaudre‚
1033 2832 1069 2859 ut
1104 2825 1190 2871 num]
1230 2827 1395 2858 consulem
1430 2827 1654 2867 designatum,
1694 2827 1734 2859 de
1771 2837 1835 2866 quo
1869 2836 1967 2867 snpra

206 2886 291 2918 Plin.
318 2889 371 2926 16,
398 2888 483 2918 1911
518 2887 549 2918 si
569 2891 746 2927 competant
769 2887 867 2918 coitus
889 2887 1012 2926 (lunae)
1035 2885 1069 2916 in
1106 2894 1132 2915 c.
1150 2885 1204 2916 36.

206 2943 408 2975 novissimum
440 2943 521 2974 diem
554 2943 692 2974 brumae.
740 2943 892 2975 Ceterum
916 2943 1068 2982 quoniam

208 3001 333 3031 etitem
352 3001 506 3040 finemque
528 3001 680 3032 miraculi
700 3000 832 3032 Tacitus
848 3000 995 3032 distinxit
1013 3009 1068 3030 ne·
1151 2999 1205 3030 52.
1253 2997 1360 3029 Posito
1389 3015 1431 3021 —
1464 2995 1557 3040 bello]
1598 2997 1677 3028 Sall.
1714 2998 1784 3037 Iug.
1827 2999 1912 3036 112,
1947 3000 1962 3028 1

209 3066 272 3096 que
294 3057 482 3098 simpliciter
498 3058 579 3089 dixit
600 3058 787 3089 miraculum
812 3075 852 3082 --
878 3058 1067 3098 competisse,
1098 3065 1195 3096 poue
1229 3055 1463 3086 condicionibus
1497 3054 1609 3085 bellum
1636 3054 1728 3094 poni.
1761 3072 1804 3077 -—-
1840 3054 1965 3099 ubique]

209 3123 357 3146 mancam
380 3115 559 3146 orationem
580 3116 700 3153 iudico,
724 3124 821 3154 quam
845 3116 891 3146 sic
914 3115 1068 3154 suppleo:
1106 3112 1264 3151 Bedriaci,
1289 3111 1484 3149 Placentiae,
1509 3111 1654 3142 Brixelli.
1680 3128 1724 3134 —
1748 3112 1863 3143 voltum
1878 3112 1966 3143 habi-

208 3170 332 3201 initi’im
359 3171 515 3211 simque
539 3173 691 3204 miraculi
718 3171 804 3216 <cum
819 3171 917 3203 ‘initio
941 3181 1070 3212 puqnae
1105 3169 1240 3210 tumque]
1279 3171 1315 3207 1,
1344 3170 1385 3200 14
1419 3168 1503 3199 voltu
1534 3168 1702 3207 habituque
1723 3169 1821 3200 moris
1844 3169 1971 3209 antiqui

209 3225 255 3270 ee)
279 3237 348 3258 cum
374 3227 503 3259 Othonis
525 3229 609 3261 aiau
634 3230 826 3270 competisse.
867 3230 909 3260 cf.
934 3228 1067 3260 Sueton.
1110 3229 1139 3267 1,
1167 3227 1219 3257 17.
1247 3243 1287 3250 —
1319 3225 1469 3256 conviciis
1491 3236 1531 3255 ac
1547 3224 1688 3265 probris]
1712 3226 1752 3256 οἱ.
1779 3227 1817 3265 1,
1842 3227 1908 3267 4⁷3
1933 3229 1964 3266 3,

211 3284 311 3325 Vesp.
336 3286 356 3316 5
379 3285 508 3324 acieque
530 3285 743 3326 Beemcmi,
773 3286 963 3327 priusquam
987 3295 1069 3316 com·
1109 3286 1161 3316 10.
1188 3301 1231 3306 -
1264 3286 1448 3314 cunctanter
1476 3282 1632 3322 excepisse
1662 3281 1840 3326 victoriam]
1878 3293 1966 3322 „non

211 3341 400 3380 mitteretur,
434 3342 518 3374 duae
540 3343 666 3383 aquilae
690 3345 725 3375 in
749 3348 913 3384 conspectu
935 3343 1070 3375 omnium
1107 3341 1206 3372 alacri
1235 3340 1353 3380 gaudio
1385 3339 1550 3379 excepisse
1583 3339 1730 3371 nuntium
1753 3341 1909 3372 victoriae
1934 3344 1967 3372 et

211 3399 399 3439 conflabiue.
1108 3398 1247 3430 cunctati
1272 3406 1342 3429 esse
1366 3396 1482 3428 victori
1506 3406 1540 3428 se
1564 3395 1786 3428 submissi-0³⁴
1811 3398 1896 3429 Rcr.
1923 3415 1965 3420 —
