2176 3672
896 195 1001 252 Cap.
1030 197 1098 240 35.
1126 197 1194 240 36.

1849 199 1929 243 137

152 283 382 360 ventosis*
400 305 424 330 *
442 304 465 330 *
492 319 586 348 rem
613 306 831 362 cogitant,
866 309 976 352 nihil
1002 310 1165 354 humile
1202 311 1271 355 vel
1308 311 1526 356 abiectum
1561 313 1710 370 eloqui
1741 316 1929 370 poterat.

154 375 418 433 (affingas,
431 374 696 430 eloquentia,
717 377 830 441 sicut
847 377 1032 432 flamma,
1062 380 1246 423 materia
1275 380 1409 424 alitur
1434 386 1480 425 et
1499 382 1687 426 motibus
1714 383 1932 427 excitatur

168 464 185 481 ι.
292 453 322 480 51·
345 457 392 502 ις)
423 443 656 490 durescit
669 445 822 489 eadem
849 448 967 491 ratio
996 447 1042 490 in
1067 452 1220 491 nostra
1246 464 1421 506 quoque
1449 451 1625 494 civitate
1651 451 1932 507 antiquorum

202 509 207 512 ’
225 523 227 525 ·
253 519 259 521 “
292 530 301 549 2
321 512 445 555 tiam
456 512 670 567 provexit.
684 527 784 556 nam
800 515 884 558 etsi
899 515 1056 559 horum
1065 531 1236 573 quoque
1250 520 1495 574 temporum
1510 523 1706 563 oratores
1719 533 1772 563 ea
1785 533 1931 564 conse-

140 585 371 648 „
399 595 513 637 quae
543 582 788 637 composita
816 588 863 627 et
892 585 1043 640 quieta
1073 589 1119 628 et
1147 585 1280 629 beata
1308 601 1357 630 re
1377 587 1555 642 publica
1574 589 1713 632 tribui
1731 588 1801 632 fas
1821 592 1930 641 erat,
1948 601 1965 627 ⁶

143 654 190 668 “
212 700 221 711 j
253 670 284 688 ac
321 650 400 693 illa
427 650 762 706 perturbatione
791 665 844 695 ac
870 652 1050 696 licentia
1077 653 1207 709 plura
1228 655 1314 698 sibi
1332 656 1509 711 assequi
1528 657 1802 710 videbantur,
1834 671 1932 700 cum

232 719 297 762 ’g
321 719 521 762 omnibus
551 724 597 763 et
624 721 903 764 moderatore
931 736 1019 765 uno

1057 723 1308 766 carentibus
1346 728 1518 768 tantum
1557 726 1743 781 quisque
1781 729 1934 770 orator

198 809 218 824 >1
240 808 250 826 ·-
289 791 327 831 t
354 791 564 844 quantum
601 789 767 832 erranti
803 790 966 845 populo
1002 791 1267 846 persuadere
1305 797 1494 848 poterat.
1551 793 1653 837 hino
1678 794 1798 850 leges
1827 794 1935 838 assi-

90 882 116 927 s·
130 845 165 871 ’ᾖ
206 877 223 893 v
247 876 258 895 ·-
291 859 338 900 et
364 857 579 913 populare
607 872 786 911 nomen,
822 858 923 901 hinc
959 860 1184 903 contiones
1219 861 1558 916 magistratuum
1585 877 1725 918 paene
1752 877 1934 919 pernoc-

265 1021 301 1059 1.
329 1026 471 1059 venium
471 1019 497 1071 J
532 1020 606 1059 Hic
641 1021 771 1060 desunt
806 1033 872 1059 sex
902 1021 1045 1071 paqeue
1079 1023 1113 1059 A
1148 1023 1187 1060 in
1222 1036 1339 1072 marg.
1377 1024 1530 1062 deerant
1564 1026 1602 1062 in
1637 1026 1837 1076 exemplari
1870 1038 1935 1063 sea:

142 1090 288 1141 pagello
324 1094 500 1128 vetustate
536 1095 770 1139 consumptae
804 1089 839 1128 B
874 1091 912 1126 in
951 1103 1066 1139 marg.
1107 1091 1262 1128 Multum
1303 1092 1418 1141 deficit
1453 1094 1491 1130 in
1534 1093 1798 1143 exemplaribus
1842 1105 1936 1143 quae

147 1158 380 1209 reperiuntur
418 1158 465 1204 C,
501 1159 539 1195 in
577 1171 650 1207 quo
687 1159 814 1197 codice
849 1165 905 1195 est
941 1159 1072 1196 lacuna
1109 1159 1159 1196 26
1198 1172 1377 1198 versuum.
1415 1182 1469 1189 —
1505 1163 1662 1211 cogitare
1698 1163 1727 1199 C
1765 1163 1937 1211 cogitaret

148 1220 278 1265 Halm.
313 1247 372 1255 —-
408 1225 488 1276 vel]
524 1225 612 1264 nihil
646 1227 687 1265 C.
724 1249 782 1255 —
818 1226 856 1264 2.
893 1226 1044 1264 motibus
1079 1239 1171 1265 corr.
1209 1241 1255 1266 ex
1293 1229 1452 1267 moribus
1490 1229 1539 1271 Β.
1576 1251 1634 1257 -
1672 1231 1710 1268 5.
1752 1231 1820 1280 fas
1864 1241 1937 1266 non

152 1291 349 1344 Schulfing
378 1294 486 1344 nefas
513 1307 595 1332 nos.
625 1316 682 1324 --
713 1296 751 1333 6.
785 1295 837 1332 illi
864 1295 1063 1333 Gutmann.
1091 1316 1150 1323 —-
1177 1298 1325 1346 assequi
1346 1299 1508 1347 potuisse
1536 1297 1749 1336 videbuntur
1776 1311 1859 1339 nos.
1880 1318 1938 1326 —

153 1364 192 1402 ⁷.
235 1363 348 1402 αἰπὺ
392 1361 446 1400 Β.
485 1382 543 1391 -
572 1363 612 1401 8.
654 1362 883 1412 persuadere
919 1361 1135 1403 Heumann:
1177 1366 1403 1414 persuaderi
1435 1363 1573 1406 ABG.
1614 1386 1671 1394 —
1706 1367 1746 1405 9.
1792 1366 1848 1404 hic
1889 1366 1935 1403 A.

184 1517 211 1546 1.
234 1520 352 1546 mmm
375 1518 435 1551 ⁸⁸]
457 1518 535 1545 baec
558 1517 623 1545 rere
650 1518 866 1551 subiungenda
888 1519 935 1544 est
958 1525 1026 1545 sen-
1058 1517 1216 1552 abiectum]
1234 1520 1378 1548 iunctura
1395 1522 1556 1549 Tulliana:
1574 1522 1613 1549 de
1630 1522 1684 1549 fin.
1701 1524 1728 1555 5,
1745 1523 1795 1555 20,
1812 1523 1861 1549 ⁵⁷:
1888 1521 1938 1548 ni-

148 1564 261 1591 tentia:
299 1559 388 1591 “nrm
415 1570 490 1590 vero
519 1563 599 1590 nihil
635 1571 668 1591 se
702 1563 870 1596 profecisse
903 1563 1027 1590 intene-
1059 1563 1105 1591 hil
1120 1565 1274 1596 abiectum,
1293 1566 1372 1593 nihil
1387 1567 1499 1594 humile
1515 1567 1657 1602 cogitant.
1695 1567 1779 1594 Orat.
1798 1569 1847 1600 5⁷,
1871 1569 1936 1594 192:

149 1605 254 1644 gunt”
289 1610 336 1637 De
353 1610 477 1637 defectu
492 1611 605 1643 autem,
623 1610 677 1642 qui
694 1610 844 1642 sequitur,
862 1609 948 1636 varie
966 1609 1027 1636 dis·
1059 1609 1202 1637 humilem
1219 1613 1249 1638 ee
1259 1612 1398 1639 abiectam
1407 1614 1584 1640 orationem.
1596 1628 1631 1633 —
1642 1615 1669 1640 2.
1681 1612 1818 1645 motibus]
1830 1613 1938 1645 quales

150 1657 292 1689 putatum
309 1657 366 1683 est.
400 1655 479 1682 mhi
496 1655 610 1682 lacuna
628 1656 688 1682 illa
705 1662 842 1682 conexus
860 1655 1028 1682 sententia·
1061 1664 1151 1689 saepe
1168 1658 1200 1683 in
1218 1665 1251 1684 re
1268 1659 1395 1691 publica
1411 1659 1564 1693 Romana,
1584 1659 1656 1686 dum
1673 1659 1774 1686 libera
1796 1659 1876 1691 fuit,
1897 1659 1937 1684 li-

150 1708 220 1728 rum
235 1709 301 1729 non
316 1702 411 1735 plane
426 1702 499 1729 tolli
515 1701 650 1728 videtur.
685 1700 771 1733 Quae
783 1701 864 1727 enim
882 1702 1029 1727 secuntur

150 1747 256 1781 capita
271 1750 386 1775 36—40
413 1747 459 1774 ita
490 1747 534 1774 eis
558 1753 638 1780 quae
660 1746 864 1779 praecedunt,
889 1747 1027 1778 (28—36)

152 1792 383 1826 adiunguntur,
406 1794 458 1825 ut,
475 1792 660 1826 comparatis
675 1792 794 1819 liberae
816 1792 862 1818 rei
884 1792 1028 1824 publicae

153 1838 314 1872 munins,
331 1845 350 1865 ο
366 1838 478 1871 quibus
493 1839 608 1865 robora
619 1840 650 1865 et
660 1838 741 1864 vires
753 1837 886 1870 sumpsit
900 1837 1030 1869 antiqua

151 1883 347 1918 eloquentia,
374 1891 445 1911 cum
472 1886 591 1911 mutata
618 1884 824 1917 posteriorum
856 1885 1029 1916 temporum

153 1930 344 1964 concidens,
361 1930 487 1957 tertiam
505 1937 628 1957 eausam
645 1931 810 1963 corruptae
834 1929 1029 1961 eloquentiae

151 1976 343 2005 continuat.
378 1975 435 2008 (cf.
446 1976 615 2008 Lipsiensis
633 1975 780 2002 editionis
792 1982 877 2001 meae
893 1981 1028 2007 prooem.

154 2030 186 2056 p.
203 2022 232 2054 ἱ)
251 2021 308 2048 Oui
324 2022 427 2048 autem
444 2022 522 2047 haec
539 2021 709 2053 disputatio
727 2020 893 2047 tribuenda
908 2020 966 2053 sit,
983 2019 1030 2045 in-

156 2069 273 2096 omum
290 2068 345 2094 est,
379 2066 513 2093 Materni
531 2066 668 2092 indolem
679 2066 712 2092 in
730 2066 774 2092 eia
787 2066 907 2092 demum
925 2065 1030 2097 depre-

156 2113 270 2146 hendo,
288 2119 368 2145 quae
385 2114 530 2138 secuntur
552 2112 646 2138 verba
670 2118 731 2137 non
757 2110 794 2137 de
817 2110 910 2136 otiosa
939 2118 984 2143 sq.
1004 2117 1030 2137 c.

158 2161 199 2186 4⁰.
216 2157 259 2185 At
276 2157 470 2189 uss-niam,
493 2158 528 2182 ut
545 2158 662 2183 ceteras
680 2158 865 2188 depravatae
883 2156 1031 2188 eloquen-

158 2204 222 2232 tiae
238 2210 354 2237 causas,
371 2203 417 2229 ita
433 2202 524 2229 etiam
540 2202 662 2229 tertiam
681 2202 769 2228 illam
785 2202 950 2234 protulisse
968 2207 1031 2227 cre-

156 2250 254 2278 dibile
270 2250 330 2276 est.
365 2247 554 2281 Quamquam
570 2247 651 2274 nihil
676 2249 735 2279 est,
755 2254 809 2274 cur
825 2247 961 2274 secundo
977 2246 1032 2271 tri-

155 2296 248 2323 buere
271 2296 409 2321 vetemur
431 2293 534 2326 capita
555 2293 612 2319 illa
634 2295 762 2326 36—40,
788 2292 902 2325 quippe
919 2291 1032 2325 quibus

156 2340 258 2368 media
275 2339 427 2373 quaedam
442 2339 523 2365 inter
534 2339 707 2365 Maternum
726 2346 763 2365 ac
774 2338 951 2364 Messallam
963 2343 1032 2363 sen-

153 2387 255 2414 tentia
270 2386 447 2419 proteratur
469 2386 563 2418 atquae
587 2385 627 2410 ob
650 2384 683 2410 id
707 2384 809 2416 ipsum
827 2383 959 2409 Secundi
985 2382 1031 2408 in-

154 2433 248 2467 genio
265 2432 372 2465 digua,
393 2431 469 2458 baec
487 2430 620 2462 scilicet,
647 2432 682 2456 ut
699 2432 837 2456 extrema
854 2429 968 2455 liberae
985 2427 1031 2453 rei

154 2478 300 2512 publicae
321 2478 462 2509 tempora
483 2475 566 2502 sicut
590 2482 782 2502 communem
810 2475 942 2501 salutem
964 2479 1031 2506 pes-

155 2523 354 2555 sumdedisse,
371 2522 418 2549 ita
434 2529 576 2555 magnam
596 2523 626 2547 et
650 2521 864 2547 admirabilem
888 2519 1031 2552 eloquen—

157 2569 233 2596 tiam
248 2568 362 2595 tuilsse
386 2568 620 2594 demonstretur.
657 2566 704 2592 Ac
727 2567 832 2592 nescio
857 2573 896 2592 an
920 2565 1029 2590 verba:

159 2614 259 2649 ipsam
278 2614 351 2648 quin
370 2614 459 2641 immo
477 2620 580 2640 euram
605 2614 635 2638 el
652 2610 811 2646 diligentis
836 2611 901 2637 stili
925 2609 1033 2636 anxie-

157 2661 249 2687 tatem
266 2659 451 2686 mnan-iam
469 2658 648 2692 experimur·
665 2660 705 2690 (c.
723 2659 769 2689 39)
786 2656 960 2684 Secundum
979 2662 1032 2687 po-

156 2705 309 2732 tissimum
325 2705 475 2738 prodant,
493 2704 664 2736 hominem,
688 2705 723 2730 ut
742 2702 953 2735 Quintilianus
977 2701 1032 2733 ait,

159 2750 298 2785 infinitae
314 2757 416 2777 curce.
451 2749 559 2783 Neque
575 2749 705 2775 multum
721 2748 901 2781 proficiunt,
925 2739 980 2778 qui‘
1000 2746 1033 2771 in

160 2796 223 2823 nne
238 2795 368 2829 Dialcgi
386 2802 503 2827 omnes,
521 2795 575 2827 qui
585 2795 683 2821 locuti
702 2794 774 2823 sint,
793 2791 1032 2824 commemorari,

158 2840 333 2869 ese-neum
349 2843 529 2874 ceterosque
547 2841 601 2874 qui
613 2840 773 2873 audierint,
792 2839 916 2865 silentio
934 2840 1033 2863 trans-

4 2879 13 2901 2
27 2898 33 2908 ἰ
48 2888 90 2925 {2
111 2920 123 2923 N
160 2886 244 2914 mm
272 2886 390 2914 dicunt.
422 2885 530 2919 Neque
559 2885 640 2912 enim
668 2885 724 2911 illo
752 2885 823 2911 loco
853 2889 1032 2917 quemquam

160 2938 398 2960 commemorare
409 2939 540 2965 aequum
552 2931 622 2965 fuit,
638 2931 700 2958 nisi
712 2933 764 2957 aut
778 2937 842 2963 eos,
861 2930 914 2963 qui
933 2929 1032 2955 diver-

160 2984 212 3006 sas
229 2978 394 3006 tententiae
412 2978 614 3005 defenderant
632 2978 665 3009 (i.
684 2984 710 3003 e.
728 2977 846 3009 Aprum
865 2978 894 3001 et
907 2974 1033 3000 Messal-

162 3020 238 3055 lan)
251 3025 390 3054 autem,
403 3023 455 3056 qui
471 3023 559 3056 quasi
571 3022 696 3056 quidam
708 3023 823 3049 arbiter
840 3028 947 3054 pacem
959 3027 1032 3053 quo-

166 3065 324 3096 fflmodo
338 3069 419 3095 inter
430 3070 591 3101 utrumque
607 3068 825 3095 conciliaverat
835 3068 868 3100 (i.
882 3074 907 3093 e.
921 3067 1033 3092 Mater-

165 3114 256 3146 m).
266 3128 302 3134 —
312 3114 457 3148 coquant]
474 3113 552 3140 bene
569 3113 714 3139 Halmius
731 3113 886 3147 cogitaret,
905 3114 939 3138 ut
955 3112 1033 3138 haec

165 3156 301 3186 mr
317 3159 413 3186 falsae
430 3158 597 3185 sententia:
615 3154 744 3186 “Cicero
762 3159 824 3191 (vel
848 3159 1033 3191 quicumque

168 3201 247 3230 aun·
260 3204 370 3232 'water
392 3204 497 3232 eadem
526 3206 627 3232 aetate
655 3204 771 3236 floruit)
804 3206 839 3230 ut
869 3203 947 3230 nihil
973 3203 1031 3228 nisi

1061 1702 1161 1729 centia
1188 1703 1350 1730 hominum
1371 1705 1566 1732 turbidorum
1593 1707 1623 1732 et
1653 1712 1754 1731 rerum
1788 1711 1938 1731 novarum

1061 1748 1242 1780 cupidorum
1260 1750 1321 1776 orti
1339 1752 1420 1776 eunt.
1432 1765 1467 1769 —
1478 1753 1505 1777 3.
1523 1753 1553 1777 et
1563 1749 1676 1777 urendo
1689 1749 1838 1782 clarescit]
1856 1750 1939 1776 sicut

1059 1793 1182 1821 flamma
1199 1801 1236 1821 eo
1254 1795 1370 1822 clarius
1386 1795 1497 1830 fulget,
1515 1803 1575 1828 quo
1592 1797 1685 1829 plura
1701 1795 1856 1822 consumit
1866 1815 1875 1829 ,
1892 1795 1939 1822 ita

1062 1840 1242 1871 eloquentia
1257 1842 1324 1867 tum
1342 1842 1475 1867 maxime
1493 1842 1587 1868 enitet
1605 1843 1697 1874 atque
1714 1842 1851 1873 excellit,
1870 1848 1938 1868 cum

1063 1886 1153 1918 quasi
1169 1885 1289 1912 alumna
1313 1886 1452 1913 licentiae
1476 1889 1507 1913 et
1529 1893 1626 1913 comes
1641 1885 1818 1913 seditionum
1837 1888 1876 1918 (c.
1894 1885 1939 1919 40)

1062 1931 1156 1964 leges,
1173 1927 1281 1965 mores,
1298 1933 1443 1959 instituta
1458 1930 1608 1959 maiorum
1626 1933 1739 1959 evertit
1751 1940 1788 1958 ac
1803 1932 1938 1964 proruit.

1063 1977 1109 2002 De
1126 1978 1220 2003 verbo
1238 1978 1431 2004 clarescendi
1448 1978 1487 2005 ct.
1505 1978 1646 2004 Heraeus
1662 1978 1702 2004 ad
1718 1978 1801 2004 Eiet.
1812 1980 1839 2010 Β,
1856 1979 1899 2010 6³,
1911 1979 1937 2004 5.

1063 2036 1098 2041 -
1115 2024 1141 2048 5.
1162 2022 1215 2055 sas
1232 2025 1307 2055 erat]
1330 2023 1376 2049 De
1392 2023 1451 2050 hoc
1466 2024 1536 2050 loco
1554 2023 1743 2050 difficillimo
1761 2023 1938 2050 cssEmend.

1064 2074 1146 2094 meas
1163 2075 1193 2099 p.
1212 2069 1262 2094 12⁷
1280 2070 1311 2096 et
1326 2069 1527 2101 appendicem
1538 2069 1680 2095 criticam
1693 2069 1824 2095 editioni
1835 2068 1938 2101 Lipsi-

1065 2113 1133 2139 ensi
1151 2113 1313 2140 adnexam.
1347 2114 1482 2140 Primum
1501 2115 1583 2141 enim
1600 2114 1747 2141 Messalla
1771 2113 1856 2140 credi
1875 2121 1939 2140 non

1065 2161 1167 2191 potest
1175 2166 1249 2185 suae
1262 2159 1440 2186 aetatisrem
1446 2160 1601 2191 publicam
1611 2159 1805 2193 compositam
1813 2161 1843 2185 et
1855 2159 1939 2193 quie-

1065 2206 1124 2231 mm
1137 2206 1166 2231 et
1176 2204 1289 2230 beatam
1301 2205 1479 2238 appellasse,
1490 2205 1543 2231 sed
1552 2211 1618 2231 cam
1628 2205 1793 2237 intellegit,
1803 2212 1894 2237 quam
1905 2204 1938 2230 in

1065 2257 1166 2276 rerum
1178 2252 1290 2276 natura
1300 2257 1451 2283 nusquam
1462 2251 1635 2277 invenimus
1648 2253 1679 2276 et
1692 2249 1860 2283 cogitando
1872 2251 1938 2275 tan-

1065 2298 1130 2321 tum
1147 2297 1301 2328 tamquam
1318 2292 1525 2322 beatissimam
1542 2296 1760 2328 informamus,
1779 2302 1840 2328 qua
1856 2295 1890 2321 in
1906 2301 1939 2320 re

1063 2341 1191 2373 publica
1206 2347 1412 2374 supervacuus
1430 2343 1527 2373 esset,
1551 2343 1586 2368 ut
1603 2342 1648 2368 ait
1671 2349 1697 2367 c.
1722 2344 1754 2367 41
1772 2340 1939 2374 Maternus,

1065 2386 1147 2412 inter·
1167 2386 1343 2412 innocentes
1362 2379 1574 2417 orator,'simt
1592 2386 1674 2413 inter·
1685 2393 1777 2413 sanos·
1793 2383 1939 2412 medicus.

1064 2432 1143 2458 Nam
1161 2432 1194 2458 id
1213 2438 1345 2465 quoque,
1365 2432 1448 2464 quod
1465 2439 1522 2458 sua
1538 2434 1639 2459 aetate
1657 2432 1790 2464 supersit
1802 2439 1842 2458 ex
1859 2430 1941 2457 antl-

1065 2477 1135 2510 quis
1152 2477 1342 2510 oratoribus,
1361 2477 1519 2504 Maternus
1535 2484 1600 2504 non
1618 2477 1796 2504 emendatae
1813 2484 1869 2504 nec
1886 2484 1940 2503 us-

1065 2530 1124 2555 que
1148 2522 1187 2549 ad
1209 2524 1316 2549 votum
1345 2523 1534 2555 compositae
1564 2523 1699 2549 civitatis
1724 2524 1936 2556 argumentum

1066 2574 1132 2594 esse
1150 2567 1255 2594 eodem
1272 2568 1344 2595 loco
1363 2568 1448 2595 dicit.
1484 2567 1568 2600 Quae
1586 2575 1678 2595 causa
1689 2568 1759 2600 fuit,
1778 2575 1833 2594 cur
1850 2566 1940 2600 nesus

1066 2615 1135 2639 erat
1155 2621 1367 2646 proponerem.
1408 2614 1526 2641 Deinde
1550 2622 1619 2641 cum
1642 2613 1747 2640 horum
1772 2615 1939 2646 temporum

1066 2661 1204 2686 oratores
1221 2660 1314 2686 etiam
1339 2660 1499 2692 apcdosis,
1526 2667 1603 2692 quae
1626 2667 1645 2686 a
1663 2662 1763 2685 tamen
1786 2658 1941 2691 particula

1065 2705 1185 2739 incipit,
1202 2705 1373 2732 subiectum
1392 2711 1458 2731 esse
1474 2711 1602 2731 necesse
1620 2705 1669 2738 sit,
1687 2704 1727 2730 ad
1744 2711 1837 2737 quoe,
1855 2704 1940 2736 quod

1065 2750 1098 2776 in
1115 2750 1291 2783 praedicato
1310 2750 1439 2783 legitur:
1460 2749 1554 2783 plura
1573 2749 1634 2775 sibi
1652 2749 1778 2783 assequi
1796 2747 1940 2775 videban-

1067 2798 1116 2822 tur
1131 2796 1242 2822 referri
1258 2796 1382 2829 nequit,
1400 2795 1446 2822 sic
1463 2796 1546 2821 hunc
1564 2795 1667 2821 locum
1691 2794 1731 2821 ad
1747 2794 1939 2826 probabilem

1066 2842 1248 2868 sententiam
1265 2841 1507 2873 accommodavi,
1525 2842 1560 2866 ut
1578 2840 1757 2866 scriberem:
1772 2838 1864 2873 plum
1877 2839 1939 2866 sibi

1066 2886 1191 2920 assequi·
1219 2886 1361 2920 poluisse
1395 2884 1583 2912 videbuntur.
1615 2898 1650 2905 —-
1678 2887 1702 2911 8.
1732 2886 1868 2919 saperet]
1898 2892 1938 2911 ex

1066 2933 1174 2965 populi
1198 2933 1343 2965 opinione
1362 2934 1392 2957 et
1416 2931 1506 2957 fama.
1530 2944 1566 2950 -
1595 2930 1725 2963 manti]
1750 2931 1830 2957 inter
1853 2932 1939 2958 varia

1066 2986 1102 3004 ac
1132 2984 1224 3010 saepe
1253 2978 1376 3004 diversa
1399 2976 1517 3002 iudicia
1538 2975 1717 3008 fluctuanti,
1733 2977 1826 3003 modo
1855 2977 1938 3004 hunc

1067 3023 1158 3049 modo
1176 3023 1265 3050 illum
1280 3022 1453 3050 admiranti.
1467 3035 1501 3040 —
1512 3024 1535 3047 9.
1552 3021 1808 3054 pernoctantium]
1821 3022 1938 3050 Tullia-

1067 3076 1138 3094 num
1157 3070 1202 3094 est
1219 3067 1363 3094 habitare
1380 3067 1411 3093 in
1430 3066 1541 3092 roser-is
1558 3067 1646 3095 Brut.
1663 3068 1706 3100 8⁹,
1724 3069 1791 3099 ³05,
1808 3067 1840 3093 in
1868 3067 1938 3101 foro

1067 3114 1147 3140 Mur.
1176 3111 1204 3145 9,
1222 3115 1264 3140 21.
1290 3112 1475 3144 Comparant
1497 3113 1619 3138 Petron.
1649 3114 1695 3139 15:
1719 3110 1860 3139 advocati
1878 3113 1937 3140 iam

1062 3166 1165 3192 paene
1182 3158 1330 3184 nocturni.
1367 3157 1483 3184 Seneca
1500 3157 1538 3184 de
1554 3158 1639 3185 brev.
1656 3158 1738 3184 vitae
1755 3161 1803 3191 11,
1822 3161 1852 3186 3:
1878 3166 1937 3185 mm

1067 3206 1122 3234 est,
1141 3202 1223 3237 quod
1237 3211 1285 3230 me
1302 3203 1383 3228 solos
1396 3205 1488 3237 putes
1505 3201 1610 3229 dicere
1632 3204 1838 3236 (occupatos),
1863 3211 1938 3238 quos

167 3253 291 3281 m
306 3252 337 3277 st
354 3257 463 3284 graves
479 3257 529 3277 res
546 3250 711 3284 cogitabat,
733 3250 779 3276 ita
796 3249 935 3276 oratione
953 3255 1031 3281 quo·
1065 3256 1083 3275 a
1097 3248 1225 3275 basilica
1238 3248 1368 3275 immissi
1378 3246 1494 3275 dmum
1502 3254 1593 3275 canes
1607 3247 1730 3275 eiciunt.

169 3297 227 3324 ⁴1¹¹·
242 3292 321 3321 elata
336 3299 366 3323 et
382 3296 504 3323 sublimi
522 3291 694 3322 utebatur.’'
713 3311 745 3314 —
765 3296 844 3322 nihil
859 3293 969 3322 humile
987 3294 1032 3320 vel

1619 3339 1669 3375 9*
