2176 3672
864 213 968 271 cap.
993 215 1064 257 37.
1088 216 1157 257 38.
1848 226 1902 266 69

34 328 49 346 ’·
70 363 77 369 ,.
122 328 227 387 priis
262 326 396 375 adhuc
443 326 674 370 nationibus
720 326 1035 384 nominibusque
1083 327 1271 383 discreti,
1313 344 1559 387 quamquam
1600 333 1642 374 in
1689 347 1903 378 commune

128 404 257 454 Μ
293 407 506 448 vocentur.
548 403 710 467 insigne
728 390 886 461 -gentis
927 404 1139 462 obliquare
1182 405 1335 448 crinem
1377 407 1566 466 nodoque
1609 410 1902 468 substringere.

65 491 70 495 ·
127 480 197 545 sic„
211 478 577 526 Suebia‘ceteris
609 481 848 536 Germanis,
881 482 940 524 sic
971 481 1203 524 Sueborum
1232 483 1400 539 ingenui
1430 500 1455 528 a
1486 487 1617 529 servis
1649 493 1903 545 separantur.

83 611 86 614 .
120 555 171 605 *hi
194 559 284 603 aliis
311 558 523 617 gentibus,
546 573 623 602 seu
650 559 894 616 cognatione
920 559 1057 616 aliqua
1084 559 1314 602 Sueborum
1335 575 1430 616 seu,
1459 563 1568 619 quod
1595 579 1720 622 saepe
1741 566 1904 621 accidit,

126 636 366 691 imitatione,
395 650 531 679 rarum
562 640 605 679 et
634 637 742 679 intra
770 637 964 679 iuventae
998 637 1195 694 spatium,
1223 638 1333 694 apud
1365 638 1524 683 Suebos
1556 656 1686 698 usque
1717 643 1769 685 ad
1799 644 1935 686 cani-⁵

126 713 248 770 tiem,
277 713 518 757 horrentem
548 714 740 771 capillum
776 718 888 758 retro
921 717 1170 771 sequuntur:
1202 729 1251 758 ac
1288 729 1415 773 saepe
1447 717 1488 759 in
1519 718 1610 775 ipso
1643 720 1732 762 solo
1762 720 1905 764 vertici

234 875 262 905 1.
284 881 492 916 quamquam
511 874 541 904 A
563 873 598 905 G.
618 859 771 915 quamv„
790 874 827 904 B.
849 891 886 896 —-
910 876 939 905 2.
961 873 1057 905 suevi
1076 874 1154 906 A.B
1168 874 1204 906 C.
1228 892 1265 897 —
1290 878 1318 906 4.
1342 885 1522 908 suevorum
1543 878 1604 908 AB
1617 879 1651 910 C.
1677 896 1712 901 -
1738 881 1767 910 5.
1788 888 1906 911 suevos

126 927 201 960 AB
220 927 256 962 0.
279 945 318 950 —
340 929 371 958 6.
392 931 484 958 retro
513 931 704 969 sequuntur
723 928 752 958 A
769 928 807 958 B.
839 932 931 958 retro
961 932 1153 970 sequentem
1182 928 1217 959 G.
1247 932 1414 960 retrosum
1443 935 1550 972 ayunt
1575 932 1692 972 Haupt.
1721 938 1907 964 recurvant

602 980 622 1011 ΐ
627 979 702 1022 ipso

1046 979 1117 1012 solo

126 1012 322 1054 Lachmann.
345 1022 408 1053 Alii
423 1022 496 1054 alia.
511 1039 550 1045 —
565 1021 601 1053 in
615 1020 688 1055 solo
711 1021 836 1054 verlice
850 1023 888 1054 A.
904 1021 941 1054 in
955 1021 1031 1065 ipso
1048 1022 1173 1054 vertice
1187 1024 1225 1055 B.
1241 1023 1279 1054 in
1293 1023 1373 1066 ipsa
1388 1024 1513 1057 vertice
1528 1026 1564 1058 C.
1579 1026 1699 1058 vertici
1712 1029 1906 1059 Lachmann.

127 1162 382 1206 umerbinden.)
416 1162 469 1195 On
501 1162 549 1195 les
580 1164 762 1196 reconnaie
793 1164 816 1195 ὰ
843 1163 879 1195 la
900 1163 994 1195 mode

128 1209 169 1244 de
189 1215 382 1243 retrousser
403 1209 478 1242 leur
501 1209 678 1242 chevelure
700 1216 731 1242 el
754 1210 793 1242 de
808 1210 995 1243 l'altacker

126 1268 197 1302 par
217 1268 267 1290 un
294 1257 412 1290 mend.
452 1260 634 1290 Louandre.
664 1260 729 1291 Cfr.
762 1260 927 1291 claudian.
949 1261 994 1291 IV

129 1306 227 1340 com.
266 1307 389 1338 Honor.
431 1309 509 1338 655:
555 1303 706 1337 Crinitus
743 1324 763 1329 -
792 1324 813 1329 —
849 1305 992 1338 Suebus.

129 1353 296 1387 onnam.
315 1354 410 1385 Halm
424 1356 567 1385 controv.
591 1354 636 1384 St.
651 1363 683 1394 p.
699 1356 765 1385 3s.:
787 1355 866 1386 Was
886 1357 995 1386 zuerst

129 1400 183 1433 dio
210 1400 323 1432 Worte
355 1399 484 1442 insigne
515 1399 623 1441 qenais
655 1398 834 1443 obliquare
866 1401 995 1433 crinem

128 1445 280 1490 nodoque
301 1445 422 1479 subur.
443 1449 575 1487 betrifft‚
609 1459 644 1480 so
669 1450 794 1480 scheint
822 1450 921 1483 damit
941 1451 994 1482 die

125 1503 179 1527 m
198 1488 382 1536 lffiuflgsten
401 1495 530 1526 iibliche
551 1497 611 1527 Art
638 1497 696 1527 der
716 1498 909 1528 Haartracht
936 1499 993 1529 be-

127 1542 277 1574 zdohnet
297 1552 338 1573 zu
358 1543 438 1581 sein,
460 1543 544 1574 nach
567 1544 625 1575 der
645 1544 703 1575 das
725 1545 814 1576 Haar
835 1546 994 1576 seitws'irts

127 1590 310 1631 gesffichen
346 1590 413 1621 und
454 1600 506 1622 am
539 1588 750 1634 Hinterkopf
785 1594 844 1623 mit
891 1594 995 1624 einem

127 1637 257 1669 Knoten
284 1638 518 1676 unterbunden‚
544 1639 574 1669 d.
596 1639 628 1670 h.
650 1641 684 1670 in
705 1641 801 1671 einen
822 1637 917 1682 Zopf
934 1651 992 1681 ge-

127 1684 211 1716 ἴωσι
229 1685 349 1716 vurde.
390 1686 449 1716 Vir
470 1685 672 1717 doctissimus
700 1687 728 1718 si
762 1690 849 1718 recte
872 1689 994 1726 statuit,

127 1732 270 1772 occipitii
298 1732 405 1772 potius
434 1732 555 1764 crinem
587 1733 716 1774 oblique
753 1735 872 1766 flexum
907 1736 994 1766 nodo

126 1779 335 1811 substrictam
366 1788 439 1811 esse
470 1782 619 1820 putemus
651 1790 784 1813 necesse
815 1785 865 1814 est
887 1784 993 1823 itaque

127 1826 225 1864 alium
238 1827 398 1868 quendam
411 1837 533 1859 morem
547 1830 700 1868 proximis
715 1831 821 1862 verbis
844 1831 994 1862 describi.

127 1875 267 1913 Vereor,
298 1885 341 1906 ne
371 1877 466 1907 nimis
499 1877 676 1915 subtiliter;
714 1880 800 1909 certe
834 1879 921 1918 quod
955 1879 994 1910 de

127 1930 230 1963 saepe
248 1923 406 1962 particula
427 1923 448 1953 l.
469 1923 490 1953 1.
514 1924 605 1962 dixit,
635 1924 729 1955 facile
750 1926 854 1956 refelli
877 1928 994 1966 potest.

126 1969 264 2009 rarum]
294 1970 381 2009 apud
409 1979 465 2001 eos
495 1972 616 2001 tantum
643 1971 706 2002 hoc
732 1973 883 2003 usitatum
917 1975 996 2012 erat,

129 2017 183 2056 qui
205 2017 320 2048 ceteris
335 2017 483 2048 fortiores
504 2026 542 2048 ac
557 2019 732 2050 ferociores
747 2020 849 2052 videri
865 2022 996 2052 vellent.

130 2063 246 2094 Totum
273 2063 361 2095 hunc
387 2065 492 2095 locum
520 2065 560 2096 de
584 2066 762 2098 Sueborum
784 2069 900 2107 capillo
922 2069 994 2099 illu-

130 2112 211 2142 scat
230 2111 448 2151 aliquatenus,
480 2113 543 2143 etsi
575 2123 641 2144 non
662 2116 768 2145 omnia
789 2110 921 2154 prorsus
944 2126 995 2146 re-

129 2157 306 2198 spondent,
329 2159 479 2190 Sidonius
500 2161 607 2201 Apoll.
630 2162 879 2200 Theodorianm,
909 2164 995 2194 Visi-

129 2206 279 2245 gotorum
318 2215 447 2246 regem,
483 2208 669 2239 describens
702 2212 716 2240 1
729 2231 737 2247 ,
776 2212 811 2240 2:
861 2206 994 2251 Capitis

131 2260 222 2294 ape-‘c
243 2251 420 2291 rotundus,
451 2253 488 2285 in
512 2264 578 2297 quo
597 2254 781 2296 paululum
805 2266 827 2287 a
847 2255 995 2299 planicie

127 2298 254 2340 frontis
275 2298 313 2331 in
327 2299 489 2332 vere-‘cem
510 2302 684 2333 caesaries
706 2303 831 2346 refuqa
854 2303 995 2346 crispa-

129 2349 197 2378 tur.
218 2363 240 2370 -
261 2363 282 2370 ·-
303 2345 453 2379 Aurium
485 2346 636 2391 legulae,
670 2349 759 2381 sicut
790 2361 859 2381 mos
886 2350 994 2394 yemis

129 2396 188 2431 cst,
209 2391 357 2425 erinium
385 2395 674 2437 superiacentium
701 2396 845 2440 llaqellis
877 2397 995 2440 operi-

130 2444 245 2472 untur.
288 2441 467 2482 Scriptores
489 2444 652 2475 Romanos
681 2446 761 2476 alios
783 2446 918 2476 similem
941 2456 994 2477 ca-

129 2488 199 2529 pilli
220 2489 365 2521 habitum
387 2492 526 2522 omnium
539 2492 772 2523 Germanorum
793 2503 996 2524 communem

129 2537 260 2576 putasse
281 2536 401 2568 docent
431 2539 592 2570 Iuvenalis
620 2542 653 2570 et
676 2540 818 2572 Senecae
839 2542 903 2571 Ioci
925 2550 944 2571 a
965 2541 995 2572 J.

130 2583 283 2615 Gfimmio
315 2584 354 2615 R.
375 2581 414 2614 A.
444 2587 466 2616 1.
488 2595 516 2617 c.
551 2587 649 2618 allati.
683 2587 731 2618 Cf.
765 2589 881 2626 etiam,
914 2597 996 2627 quae

129 2630 258 2670 Lipsius
279 2631 322 2662 ad
342 2631 429 2663 hunc
449 2633 556 2664 locum
577 2635 751 2674 congessit.
783 2636 833 2666 De
865 2636 995 2676 Lango-

128 2677 237 2709 bardis
259 2687 336 2709 vero
357 2681 546 2711 recentioris
571 2681 700 2721 quidem
721 2682 835 2713 aetatis
857 2683 894 2713 P.
906 2683 995 2713 Diae.

128 2727 159 2763 4,
181 2727 244 2756 22:
272 2727 428 2758 cervicem
451 2737 552 2767 usque
575 2729 616 2759 ad
642 2730 824 2768 occipitium
846 2730 997 2760 radentes

129 2772 304 2811 nudabant,
320 2771 463 2814 capillos
478 2784 498 2805 a
512 2774 594 2806 facie
616 2785 717 2815 usque
733 2776 775 2807 ad
790 2786 826 2807 os
843 2774 997 2807 dimissos

131 2819 297 2857 habentes,
327 2829 408 2860 quos
430 2822 464 2851 in
494 2824 660 2862 utramque
682 2826 805 2862 partem
827 2825 860 2854 in
882 2823 996 2854 frontis

131 2866 312 2897 discrimIne
324 2867 519 2899 dividebant.
553 2869 699 2900 Ceterum
711 2871 820 2910 Haupt
827 2871 889 2901 hoc
901 2870 997 2901 modo

130 2914 342 2954 interpungit:
368 2913 527 2955 spatium,
553 2914 650 2956 apud
670 2914 799 2947 Suebos
821 2926 929 2958 usqae
953 2915 1000 2947 ad

130 2958 302 2997 caniciem,
311 2957 404 2991 horr.
411 2964 483 2999 cet„
490 2964 525 2992 ut
531 2966 684 3002 appareat
692 2973 764 2994 eum
771 2973 822 2994 vv.
831 2973 950 2994 raram
960 2981 995 2985 —

131 3005 292 3038 caniciem
312 3009 544 3047 appositionem
566 3019 637 3040 esse
660 3012 801 3041 statuere
830 3011 997 3041 verborum

131 3051 296 3096 capillum
313 3063 341 3085 r.
356 3064 381 3085 s.
405 3056 455 3086 cui
477 3057 656 3088 sententiae
679 3066 731 3094 ne,
754 3057 839 3097 quod
855 3058 999 3095 Draeger

129 3100 171 3131 ad
191 3101 275 3132 Ann-
300 3103 327 3140 1,
349 3103 400 3139 39,
423 3105 460 3133 16
483 3105 659 3142 annotavit,
682 3105 799 3141 obstet,
820 3114 886 3135 non
908 3113 996 3134 vere-

128 3156 207 3178 mur.
222 3165 260 3170 —
278 3145 469 3179 horrentem
490 3148 655 3191 capillum
678 3155 768 3180 retro
791 3148 996 3191 sequnntur]

128 3194 166 3224 In
190 3194 242 3226 his
269 3195 375 3227 studio
404 3197 536 3228 humilia
557 3206 595 3227 ac
618 3197 747 3228 sordida
778 3197 876 3227 verba
910 3197 997 3226 dcvi-

129 3241 219 3272 tandi
248 3243 368 3283 totique
407 3244 454 3274 rei
489 3244 684 3275 rhetoricum
716 3243 874 3284 quendam
905 3251 997 3273 orna-

129 3291 197 3320 tum
224 3289 397 3321 adhibendi
427 3290 521 3322 nobis
552 3291 718 3322 obscurior
739 3292 789 3320 est
815 3290 926 3319 factus.
961 3288 998 3319 V.

132 3332 323 3368 lem-rentem
343 3337 491 3377 equidem
513 3346 584 3368 cum
605 3347 634 3367 v.
659 3334 829 3373 caniciem,
860 3337 895 3365 ut
917 3343 997 3364 non-

1040 1166 1121 1196 nulli
1142 1166 1272 1205 faciunt,
1294 1168 1429 1218 iungere
1451 1178 1594 1208 nequeo;
1615 1178 1690 1200 nam
1710 1170 1762 1201 vel
1776 1173 1908 1211 propter

1040 1214 1129 1253 ipsos
1156 1223 1305 1246 numeros
1329 1209 1512 1258 (ρυθμὸν)
1532 1218 1671 1256 pertinet
1689 1218 1731 1248 ad
1746 1215 1908 1259 capillum

1042 1262 1106 1300 qui,
1128 1271 1290 1302 nunquam
1312 1265 1440 1301 tonsus,
1464 1264 1611 1295 horridus
1634 1265 1684 1302 fit3
1706 1274 1809 1305 neque
1832 1274 1908 1296 vero

1041 1319 1071 1339 v.
1094 1313 1185 1339 retro
1207 1312 1263 1341 aut
1279 1311 1448 1342 Walthero
1471 1315 1601 1343 auctore
1623 1322 1694 1343 cum
1715 1323 1745 1343 v.
1769 1310 1908 1342 horren-

1042 1359 1105 1386 tem
1136 1355 1347 1397 (rfickzca'rts
1375 1357 1583 1400 yestra‘ubtes
1614 1357 1733 1401 Haar)
1757 1370 1816 1391 nec
1839 1370 1909 1391 cum

1041 1415 1071 1435 v.
1095 1403 1260 1446 capillum
1281 1407 1541 1447 coniungendum
1562 1417 1652 1445 reor,
1674 1411 1708 1438 ut
1730 1408 1908 1448 significare

1042 1453 1144 1492 possit
1167 1451 1331 1494 capillum
1352 1458 1443 1484 retro
1465 1453 1613 1494 sleoeum‚·
1635 1456 1694 1486 sed
1716 1465 1786 1486 cum
1807 1465 1836 1485 v.
1858 1464 1908 1485 se-

1044 1503 1218 1541 quuntur,·
1247 1511 1342 1540 quam
1371 1502 1414 1532 ad
1436 1504 1705 1533 constructionem
1732 1512 1809 1533 sane
1832 1512 1908 1533 con-

1042 1547 1126 1578 ferre
1154 1557 1220 1578 non
1241 1549 1317 1579 licet
1345 1550 1531 1589 Vergiliana
1557 1551 1613 1581 illa
1634 1550 1714 1581 Aen.
1745 1553 1774 1587 2,
1797 1552 1856 1581 753
1878 1552 1911 1580 et

1044 1596 1073 1631 9,
1089 1596 1166 1625 392:
1188 1593 1290 1626 simul
1304 1599 1335 1626 et
1349 1595 1492 1638 vestigia
1508 1600 1598 1627 retro
1617 1594 1804 1627 Observata
1819 1595 1911 1637 leqit,

1042 1636 1096 1666 ubi
1128 1640 1220 1666 retro
1248 1638 1388 1676 pertinet
1409 1648 1475 1669 non
1504 1639 1546 1669 ad
1567 1649 1597 1669 v.
1620 1636 1715 1680 legit,
1738 1639 1795 1670 sed
1816 1639 1858 1669 ad
1878 1649 1909 1669 v.

1044 1680 1235 1714 observata.
1269 1685 1334 1715 Sed
1344 1686 1378 1716 in
1389 1686 1452 1716 hoc
1463 1687 1545 1726 ipso,
1561 1687 1648 1726 quod
1663 1689 1749 1717 caret
1763 1687 1909 1726 exemplo

1043 1731 1191 1761 iunctura
1205 1735 1297 1762 retro
1313 1731 1418 1774 sequi,
1434 1734 1603 1773 singularis
1619 1735 1715 1764 totius
1731 1724 1910 1775 φράσεως

1043 1779 1171 1810 habitus
1192 1780 1392 1818 continetur;
1414 1783 1535 1818 contra,
1555 1782 1581 1811 si
1604 1781 1780 1818 distrahas,
1802 1791 1831 1811 v.
1854 1790 1910 1811 se-

1045 1830 1197 1867 quuntur
1226 1828 1274 1859 sic
1301 1828 1387 1859 nude
1410 1830 1550 1868 positum
1570 1829 1844 1869 languidissimum
1866 1829 1910 1859 fit.

1043 1874 1086 1903 At
1110 1874 1269 1913 quomodo
1284 1875 1588 1914 interpretabimur?
1611 1876 1731 1912 Quodsi
1746 1876 1910 1915 acceperis

1043 1930 1103 1959 pro
1134 1922 1271 1959 „crinem
1305 1931 1434 1962 semper
1462 1924 1623 1954 intonsum
1644 1924 1844 1963 promittere,
1876 1926 1911 1954 ut

1043 1970 1128 1998 retro
1157 1969 1191 1999 in
1224 1972 1348 2008 tergum
1386 1970 1596 2008 descendat‚“
1627 1973 1808 2011 repugnant
1834 1980 1910 2001 sane

1044 2017 1211 2054 sequentia
1232 2015 1268 2046 in
1284 2034 1303 2038 -
1319 2034 1338 2039 —
1353 2015 1472 2059 ligant.
1516 2018 1604 2058 Ergo
1627 2018 1768 2058 explico:
1794 2018 1910 2057 „capil-

1044 2063 1109 2092 lum
1130 2064 1337 2102 promittunt,
1369 2074 1497 2104 semper
1525 2074 1669 2096 crescere
1699 2066 1821 2101 sinunt,
1853 2065 1910 2095 sed

1045 2119 1116 2140 eum
1149 2120 1169 2140 a
1202 2112 1327 2142 cervice
1365 2114 1398 2142 et
1427 2113 1546 2143 umeris
1578 2114 1663 2143 retro
1696 2113 1729 2142 in
1760 2113 1910 2142 verticem

1043 2157 1177 2187 flectunt
1198 2158 1284 2188 nodo
1298 2159 1464 2198 ligatum.“
1498 2160 1540 2190 Et
1560 2160 1602 2190 ad
1615 2160 1698 2190 hanc
1713 2160 1813 2198 ipsam
1836 2168 1909 2188 sen-

1044 2205 1174 2234 tentiam
1196 2205 1338 2244 perbene
1366 2206 1554 2237 Louandre:
1587 2204 1651 2236 Les
1674 2204 1817 2242 Saeva,
1840 2203 1909 2235 lors

1045 2249 1146 2280 mEme
1169 2261 1232 2292 qne
1254 2250 1346 2282 leurs
1369 2250 1520 2283 cheveuoe
1543 2257 1599 2283 ont
1615 2250 1763 2289 blanchi,
1784 2250 1829 2282 les
1845 2261 1910 2282 ra-

1043 2297 1185 2335 menone,
1202 2302 1273 2329 toul
1290 2297 1448 2337 heu-isses,
1462 2297 1501 2330 (lc
1524 2298 1560 2330 la
1572 2298 1687 2341 partie
1700 2297 1911 2340 poste'rieurc

1045 2343 1083 2375 de
1106 2343 1142 2376 la
1164 2356 1287 2388 nuque,
1309 2351 1340 2377 el
1362 2345 1408 2377 les
1420 2345 1617 2378 ratlac-hene
1631 2350 1771 2377 somene
1793 2347 1909 2384 (seule-

1043 2395 1142 2432 ment)
1167 2403 1212 2424 (ιη
1228 2399 1365 2425 somme!
1381 2393 1420 2425 de
1442 2393 1479 2425 la
1502 2394 1576 2425 tete.
1602 2395 1792 2425 Necessario
1806 2396 1911 2424 autem

1045 2452 1074 2471 v.
1096 2445 1284 2482 sequuntur
1306 2443 1423 2473 claram
1451 2443 1589 2482 aliquam
1618 2445 1712 2481 atquc
1733 2441 1909 2480 aspectabi-

1044 2490 1108 2519 lem
1140 2490 1310 2528 imaginem
1343 2490 1459 2520 mentis
1498 2490 1580 2520 aciei
1618 2489 1772 2528 praebere
1805 2488 1913 2523 debet,

1045 2545 1148 2575 neque
1171 2546 1243 2567 cum
1263 2537 1431 2568 Walthero
1454 2537 1606 2575 explicari
1624 2538 1730 2575 potest
1753 2537 1911 2573 „servant,

1045 2583 1184 2614 retinent
1206 2593 1276 2614 cum
1293 2583 1431 2623 quodam
1453 2583 1560 2614 studio
1575 2591 1676 2622 usque
1699 2582 1740 2612 ad
1763 2582 1910 2612 canitiem

1047 2629 1117 2670 (sie
1133 2627 1261 2660 bleiben
1285 2628 1337 2659 bei
1352 2628 1459 2660 dieser
1473 2626 1739 2667 llaa›·11·acm).“
1763 2629 1811 2658 Ne
1834 2628 1910 2667 quid

1047 2678 1139 2715 desit,
1150 2678 1233 2707 addo
1246 2678 1339 2708 etiam
1348 2677 1459 2707 Bachii
1468 2676 1776 2714 interpretationem:
1794 2674 1910 2710 „Suebi

1046 2734 1146 2764 usque
1169 2725 1210 2755 ad
1232 2725 1379 2755 canitiem
1393 2725 1500 2753 amant
1523 2722 1669 2760 capillum
1691 2730 1710 2750 a
1731 2720 1836 2751 fronte
1858 2729 1909 2750 re—

1046 2774 1212 2808 troactum,
1234 2772 1278 2801 ita
1299 2773 1334 2800 ut
1350 2771 1490 2799 horreat.
1514 2768 1577 2799 Cfr.
1594 2767 1725 2803 Quintil.
1751 2769 1799 2803 11,
1821 2768 1849 2803 5,
1875 2768 1909 2796 1:

1047 2816 1191 2860 capillos
1215 2827 1236 2847 a
1248 2817 1362 2857 fronte
1385 2819 1506 2846 contra
1529 2818 1691 2843 naturam
1706 2816 1910 2853 retroagere,

1047 2869 1082 2895 ul
1104 2863 1146 2894 sie
1170 2862 1293 2894 lom-ror
1316 2861 1370 2893 ille
1394 2858 1585 2892 ler·ril›ilis.“
1610 2861 1729 2890 Contra
1750 2859 1909 2890 Burnouf:

1048 2909 1092 2941 Hs
1116 2910 1245 2941 sm'rem
1262 2919 1344 2940 arec
1366 2907 1401 2938 la
1423 2907 1515 2938 main
1540 2911 1623 2937 celle
1639 2904 1813 2937 chet-elure
1829 2909 1908 2935 lom-

1048 2956 1146 2988 banee
1178 2961 1208 2986 et
1241 2954 1405 2997 tacyliqe'e,
1439 2953 1480 2984 ils
1513 2958 1607 2984 vom
1630 2951 1671 2983 la
1705 2950 1910 2983 chere-her

1047 3002 1234 3034 derrikre
1257 3001 1331 3033 lem·
1347 3001 1407 3031 me
1418 3009 1512 3042 ‘pour
1532 2999 1567 3031 la
1582 3009 1740 3030 rammer
1755 3009 1802 3030 au
1819 3008 1909 3029 som—

1048 3055 1109 3081 me!
1140 3054 1169 3080 el
1198 3047 1244 3090 l'y
1267 3046 1434 3079 allacher.
1467 3048 1632 3079 ORELLI.
1667 3047 1730 3078 Sed
1761 3056 1818 3077 suo
1842 3047 1908 3076 iure

1048 3107 1148 3136 nuper
1180 3107 1229 3126 vv.
1263 3096 1315 3126 dd.
1346 3096 1541 3131 Lachmann,
1573 3095 1697 3133 Haupt,
1732 3094 1823 3123 Halm
1855 3093 1908 3123 alii

1047 3145 1144 3175 verbo
1166 3141 1327 3184 sequendi
1348 3143 1400 3172 hic
1422 3143 1524 3171 locum
1548 3150 1619 3171 esse
1635 3143 1801 3180 negarunt.
1825 3139 1908 3169 Con-

1047 3192 1120 3222 iccit
1153 3192 1250 3230 igitur
1272 3190 1454 3220 Lachmann
1486 3187 1657 3227 legendum
1691 3196 1763 3217 csse
1786 3194 1908 3215 recur-

1050 3241 1137 3273 ram,
1166 3237 1275 3267 nescio
1306 3245 1346 3265 an
1370 3236 1414 3264 ita
1435 3237 1469 3264 ut
1492 3236 1580 3262 retro
1604 3233 1813 3263 inducendum
1837 3240 1908 3261 csse

1047 3284 1205 3324 putaverit
1228 3299 1264 3304 —-
1292 3291 1364 3311 nam
1397 3283 1493 3316 certe,
1522 3281 1548 3310 si
1580 3280 1793 3314 wulfsinum,
1827 3277 1907 3307 Phil.

1048 3335 1103 3368 25,
1139 3331 1207 3367 126,
1237 3329 1401 3366 audimus,
1434 3331 1524 3357 retro
1558 3333 1741 3356 recursare
1766 3333 1785 3354 a
1807 3322 1907 3354 Taciti
