2176 3672
735 264 909 308 LIBER
937 264 970 307 Ι.
1030 263 1132 319 Cap.
1166 265 1230 308 12.
1265 265 1330 309 13.
1364 266 1429 309 14.
1878 269 1960 311 241

191 379 236 421 et
263 378 327 422 rei
367 377 563 433 publicae
604 390 750 422 curam
775 379 955 441 *subisse
993 378 1157 422 frustra
1194 392 1221 422 a
1260 379 1429 423 Nerone
1469 381 1730 436 translatae,
1770 383 1807 425 si
1847 383 1964 437 apud

190 457 405 505 Othonem
430 458 751 514 relinqueretur.
781 472 964 514 namque
986 459 1099 502 Otho
1129 460 1358 514 pueritiam
1387 461 1610 515 incuriose,
1631 462 1963 505 adulescentiam

186 537 430 593 petulanter
470 542 639 594 egerat,
680 543 830 594 gratus
858 539 1018 583 Neroni
1047 539 1331 583 aemulatione
1359 540 1496 584 luxus.
1556 553 1691 596 eoque
1718 541 1963 597 Poppaeam

188 616 411 673 Sabinam,
450 619 685 674 principale
712 622 926 673 scortum,
956 623 1006 662 ut
1035 621 1152 675 apud
1181 621 1395 664 conscium
1423 620 1661 674 libidinum,
1692 623 1963 677 deposuerat,

188 698 324 742 donec
353 699 574 742 Octaviam
602 712 777 743 uxorem
809 700 1067 743 amoliretur.
1111 714 1208 743 mox
1237 705 1482 755 suspectum
1511 702 1555 744 in
1585 702 1732 745 eadem
1761 702 1965 758 Poppaea
2000 712 2020 742 5

186 778 232 822 in
259 779 522 834 provinciam
549 779 818 823 Lusitaniam
846 764 988 835 specie
1016 781 1242 835 legationis
1271 782 1475 836 seposuit.
1536 781 1651 824 Otho
1680 783 1856 826 comiter
1886 783 1963 826 ad-

186 859 430 904 ministrata
456 861 676 915 provincia
703 862 867 915 primus
896 861 939 904 in
969 864 1116 915 partes
1146 865 1440 915 transgressus
1469 874 1546 905 nec
1574 863 1715 916 segnis
1746 866 1801 916 et,
1830 864 1965 906 donec

186 938 345 983 bellmn
381 939 489 995 fuit,
526 942 639 984 inter
678 946 926 996 praesentes
967 941 1337 995 splendidissimus
1377 954 1496 996 spem
1532 943 1777 996 adoptionis
1815 945 1964 986 statim

188 1023 436 1075 conceptam
477 1022 618 1064 acrius
655 1022 697 1064 in
727 1022 819 1065 dies
849 1021 1058 1076 rapiebat,
1086 1019 1328 1065 faventibus
1357 1021 1573 1077 plerisque
1601 1022 1798 1076 militum,
1827 1036 1964 1076 prona

187 1099 232 1143 in
252 1112 349 1144 eum
368 1101 470 1144 aula
488 1100 669 1145 Neronis
691 1106 743 1145 ut
762 1101 954 1145 similem.
1000 1100 1095 1156 (14)
1117 1102 1195 1144 sed
1215 1101 1354 1144 Galba
1375 1105 1475 1156 post
1493 1103 1665 1145 nuntios
1686 1102 1964 1147 Germanicae
1977 1117 2020 1147 10

187 1180 433 1235 seditionis,
473 1195 715 1237 quanquam
754 1182 860 1226 nihil
899 1182 1039 1225 adhuc
1078 1182 1132 1224 de
1159 1181 1335 1224 Vitellio
1365 1186 1549 1236 certum,
1590 1184 1740 1226 anxius
1779 1197 1963 1238 quonam

188 1262 449 1305 exercituum
478 1263 543 1306 vis
573 1267 827 1318 erumperet,
856 1275 910 1305 ne
938 1261 1102 1305 urbano
1126 1262 1298 1316 quidem
1322 1262 1449 1305 militi
1471 1260 1667 1316 confisus,
1691 1265 1807 1318 quod
1826 1277 1962 1307 reme·

188 1341 306 1385 dium
323 1343 494 1386 unicum
514 1343 703 1397 rebatur,
725 1343 898 1387 comitia
916 1342 1085 1397 imperii
1105 1342 1326 1396 transigit;
1358 1343 1634 1398 adhibitoque
1649 1357 1778 1398 super
1790 1344 1962 1387 Vinium

186 1434 238 1465 ac
254 1421 466 1466 Laconem
489 1423 626 1466 Mario
650 1423 773 1466 Celso
805 1422 978 1466 consule
1000 1423 1224 1477 designato
1258 1435 1309 1465 ac
1331 1423 1521 1466 Ducenio
1548 1423 1724 1467 Gemino
1744 1424 1961 1479 praefecto
1981 1472 1992 1485 ,

185 1501 305 1545 urbis
343 1516 483 1556 pauca
520 1502 743 1558 praefatus
782 1504 837 1546 de
865 1516 945 1546 sua
983 1506 1202 1546 senectute
1240 1502 1437 1547 Pisonem
1466 1504 1733 1548 Licinianum
1763 1506 1962 1548 accersiri
1976 1519 2018 1550 15

183 1581 315 1635 iubet,
345 1594 421 1626 seu
449 1585 626 1638 propria
647 1583 852 1627 electione
872 1584 975 1636 sive,
995 1587 1045 1626 ut
1069 1583 1243 1638 quidam
1266 1584 1551 1638 crediderunt,
1570 1585 1741 1628 Lacone
1761 1586 1960 1640 instante,

184 1662 253 1707 cui
280 1664 397 1717 apud
423 1663 665 1708 Rubellium
694 1663 897 1706 Plautum
927 1665 1114 1707 exercita
1142 1677 1238 1708 cum
1267 1664 1422 1709 Pisone
1451 1666 1662 1709 amicitia:
1702 1667 1779 1709 sed
1808 1667 1961 1710 callide

183 1746 236 1786 ut
262 1744 456 1798 ignotum
485 1743 657 1787 fovebat
686 1748 730 1787 et
758 1756 967 1798 prospera
997 1745 1050 1787 de
1071 1743 1227 1788 Pisone
1255 1744 1372 1788 fama
1400 1746 1576 1789 consilio
1607 1747 1698 1790 eius
1726 1745 1853 1790 fidem
1884 1748 1960 1790 ad-

184 1822 366 1867 diderat.
425 1823 526 1867 Piso
555 1824 612 1867 M.
645 1824 800 1868 Crasso
841 1828 894 1870 et¹
914 1823 1134 1867 Scribonia
1162 1826 1355 1880 genitus,
1391 1825 1546 1870 nobilis
1575 1828 1812 1882 utrimque,
1841 1828 1960 1871 voltu

278 1975 295 2004 1
321 1974 380 2005 rei.
398 1984 431 2014 p.
502 1976 522 2006 3
544 1976 730 2014 petulanter
754 1974 811 2004 secl
825 1984 842 2004 r
863 1974 899 2005 in
913 1985 981 2005 ras.
996 1985 1019 2005 a
1037 1976 1088 2006 2m
1110 1986 1149 2006 ex
1165 1985 1191 2014 s,
1215 1981 1250 2006 ut
1270 1975 1396 2006 videtur
1463 1976 1652 2016 Poppaeam
1675 1977 1867 2008 Acidaliae.-
1889 1979 1960 2009 Iam

185 2028 296 2060 poppe
319 2030 388 2060 sup.
415 2030 434 2052 e
457 2020 535 2051 add.
561 2024 581 2052 Ξ
606 2023 656 2052 2m
735 2022 756 2051 4
779 2021 964 2060 principale
985 2022 1085 2059 (corr.
1113 2024 1178 2060 lm)
1259 2024 1278 2054 5
1303 2031 1436 2061 poppea
1508 2023 1528 2053 6
1552 2024 1724 2063 prouincia
1791 2034 1827 2055 se
1851 2025 1961 2064 posuit

186 2067 205 2098 7
230 2075 293 2097 nec
315 2067 446 2106 segnis,
470 2067 576 2098 donec
597 2067 724 2098 bellum
747 2067 828 2103 fuit,
854 2070 887 2097 et
909 2066 1084 2098 Acidaliae
1109 2067 1201 2110 (nec,
1226 2068 1332 2099 donec
1355 2068 1478 2099 bellum
1500 2069 1580 2108 fuit,
1606 2070 1718 2110 segnis
1742 2073 1775 2102 et
1797 2070 1960 2113 Heraeus)

184 2124 205 2155 9
229 2122 267 2154 In
291 2123 344 2154 die
367 2133 436 2163 sup.
461 2133 479 2155 e
502 2123 581 2155 add.
603 2133 637 2154 m
662 2126 714 2155 2m
787 2126 826 2155 11
853 2124 954 2155 nichil
1023 2114 1089 2165 fini
1111 2129 1189 2156 nota
1210 2124 1270 2155 ltu.
1293 2135 1327 2156 m
1350 2135 1373 2155 a
1398 2127 1450 2157 2m
1531 2127 1573 2158 13
1598 2127 1770 2168 transsigit
1839 2129 1882 2159 15
1905 2137 1958 2158 ac-

183 2168 268 2200 cersi
292 2169 446 2209 Murano,
470 2171 593 2202 arcessi
616 2170 643 2201 I.
663 2170 720 2202 Fr.
741 2170 932 2201 Gronovius.

180 2317 292 2354 fidene.
330 2336 377 2343 -
423 2319 554 2361 subisse]
603 2321 673 2352 scil.
723 2323 866 2351 mentem
912 2319 1049 2352 Galbae.

183 2375 323 2407 Dumn-
345 2394 389 2401 -
409 2376 538 2414 fruma
552 2395 598 2401 —
613 2377 804 2418 translatae]
831 2378 908 2417 quia
931 2378 1051 2408 Roma-

183 2441 300 2473 norum
334 2443 406 2465 sors
437 2443 541 2475 aeque
575 2435 763 2467 miserenda
794 2435 910 2466 fuisset
942 2435 1052 2466 futura

183 2499 223 2522 ae
243 2490 307 2522 snb
329 2491 460 2524 Nerone
482 2493 599 2524 suerat.
628 2510 669 2516 -
693 2492 888 2533 Poppaeam]
911 2493 979 2524 Res
993 2501 1051 2523 ve-

183 2547 263 2586 rino,
287 2551 324 2579 ut
346 2549 435 2580 credi
457 2559 519 2590 par
543 2552 609 2588 est,
634 2553 786 2581 narratur
810 2550 844 2581 in
867 2549 1051 2581 Annalibus

183 2605 346 2644 posteriue
369 2607 500 2647 scriptis
526 2608 578 2645 13,
603 2609 647 2639 45
664 2616 737 2646 sqq.
762 2608 899 2639 Dumm.
927 2625 970 2631 —
1006 2615 1054 2638 ιε·-

177 2662 300 2704 W]
324 2663 474 2695 Totidem
496 2665 610 2695 verbis
634 2664 720 2696 Suet
738 2664 814 2695 Oth.
833 2666 872 2696 3:
896 2664 1052 2704 sepositus

185 2722 235 2750 m
246 2729 310 2759 pev-
333 2730 465 2752 eanuam
481 2720 651 2761 legationi·
666 2722 700 2752 in
715 2721 927 2753 Lvaeitann‘am.
953 2721 1049 2752 Ln’s.

187 2772 239 2807 01.
260 2776 346 2808 Plut.
362 2777 403 2809 G.
430 2779 485 2811 20.
510 2796 556 2803 —-
577 2778 737 2821 rapiebat]
760 2779 813 2810 Ab
836 2779 916 2811 Hor.
943 2779 1048 2819 Epod.

1133 2321 1184 2351 14.
1233 2320 1361 2351 comitia
1386 2319 1525 2361 impera]
1562 2320 1701 2353 Locutio
1732 2331 1753 2352 a
1776 2326 1888 2355 vetere
1919 2333 1954 2355 re

1085 2376 1217 2416 publica
1248 2378 1370 2417 petita,
1407 2387 1472 2417 qua
1503 2389 1536 2409 v.
1563 2388 1592 2410 e.
1616 2379 1744 2410 comitia
1768 2381 1954 2413 consularia

1085 2434 1291 2465 habebantur
1314 2436 1357 2466 ad
1380 2436 1540 2467 creandos
1570 2437 1732 2469 consules.
1765 2439 1810 2461 ‘—
1843 2439 1953 2470 Mario

1087 2490 1189 2532 Celso]
1224 2492 1280 2531 qni
1303 2492 1431 2532 legatus
1454 2493 1527 2524 XV.
1553 2494 1693 2534 legionis
1718 2505 1758 2527 ex
1782 2496 1954 2529 Pannonia

1086 2548 1129 2579 ad
1153 2548 1372 2582 Corbulonem
1405 2550 1535 2582 missae.
1570 2552 1610 2582 A.
1641 2553 1701 2590 15,
1728 2555 1782 2585 25.
1807 2571 1852 2578 -
1886 2555 1952 2586 Du-

1084 2606 1173 2636 cenio
1197 2605 1343 2651 Gemino]
1378 2608 1434 2647 qui
1464 2609 1647 2640 consularis
1679 2613 1712 2641 et
1735 2612 1952 2652 vectigalibus

1084 2664 1222 2704 publicis
1255 2665 1472 2705 praepositus.
1512 2666 1552 2696 A.
1579 2667 1639 2704 15,
1668 2668 1720 2698 18.
1760 2669 1873 2700 chx.
1908 2689 1951 2695 —

1084 2721 1250 2762 accone-i]
1291 2722 1452 2754 incertum
1484 2726 1553 2761 est,
1593 2726 1703 2755 utrum
1734 2725 1815 2757 haee
1846 2727 1952 2759 forma

1086 2779 1164 2810 ferri
1187 2779 1292 2818 possit
1315 2789 1437 2819 necne,
1463 2780 1504 2811 cf.
1529 2780 1603 2811 Liv.
1628 2781 1668 2820 3,
1693 2783 1754 2820 45,
1781 2783 1800 2813 3
1819 2783 1952 2823 placere

190 2832 246 2872 u,
268 2834 308 2866 8:
336 2845 451 2876 rapere
473 2836 670 2868 occasionem
694 2837 844 2869 similiter
867 2837 985 2868 dieitur
1010 2837 1050 2867 de
1083 2835 1190 2874 itaque
1208 2840 1336 2876 patrem
1358 2837 1518 2867 armn‘ri.
1557 2837 1666 2868 Sirker
1689 2838 1765 2871 Tac.
1791 2840 1950 2874 Formen-

189 2886 318 2923 ffllne
340 2893 446 2925 omnis
469 2903 581 2925 morae
603 2894 794 2934 impatiente
818 2904 856 2926 ac
871 2897 1048 2932 metuente,
1085 2894 1177 2924 lehre
1200 2902 1233 2932 p.
1252 2894 1293 2925 55
1311 2903 1337 2924 s.
1362 2894 1500 2925 sortasse
1533 2894 1742 2927 scribendum
1774 2902 1825 2929 est
1847 2901 1951 2932 acce-i

190 2953 232 2978 m
252 2950 378 2982 etauio
398 2950 557 2982 elabatur.
604 2950 654 2982 Cf.
683 2950 771 2982 Suet.
798 2950 874 2983 Otb.
902 2954 941 2983 5:
973 2950 1048 2991 Spe·
1084 2950 1185 2988 iubet,
1218 2953 1254 2980 ut
1281 2952 1319 2988 1,
1346 2952 1386 2983 71
1413 2951 1570 2982 consulem
1594 2968 1637 2974 —
1661 2954 1766 2984 acciri
1787 2973 1830 2980 —
1854 2955 1946 2997 elba,

190 3009 320 3037 m
339 3008 552 3048 ostensore,
585 3013 620 3039 ut
641 3008 853 3048 adoptaretur
875 3019 898 3039 a
922 3008 1051 3047 Galba;
1088 3010 1117 3044 1,
1143 3008 1187 3039 80
1212 3008 1366 3038 eohortem
1382 3007 1547 3039 —aceiri
1570 3008 1649 3039 otho
1672 3010 1820 3044 itoeaerat.
1860 3014 1947 3048 Anu,

190 3057 284 3099 ‘lq-⁸
303 3059 347 3093 in
369 3063 459 3096 dien
482 3065 693 3105 exspectabat.
716 3066 803 3097 Rm’.
852 3061 920 3097 Cur
943 3069 1049 3096 autem
1089 3066 1139 3102 15,
1168 3066 1209 3096 55
1233 3064 1395 3104 accirique
1418 3074 1505 3095 reum
1529 3065 1631 3096 iuuit.
1664 3067 1770 3100 forma
1792 3072 1951 3103 acces-,iri

192 3115 276 3149 hue
298 3127 389 3159 upon
411 3120 498 3154 Otho
520 3123 693 3163 concipere
715 3123 875 3163 potuerit,
910 3123 1051 3162 explieat
1085 3121 1266 3161 posteriore
1300 3125 1406 3152 aetate
1439 3122 1473 3152 in
1511 3131 1571 3153 usu
1605 3123 1707 3156 fuisse
1740 3126 1872 3159 videtur
1906 3129 1947 3161 cf,

190 3171 276 3205 ΠΜ·
299 3173 340 3206 0·
366 3177 429 3209 202
464 3174 688 3218 ’Δποστάντος
711 3177 751 3214 δὲ
772 3177 895 3224 Γάλβα
917 3177 1051 3222 πρῶτος
1085 3179 1190 3209 Dares
1213 3178 1335 3218 phryg.
1361 3188 1388 3209 c.
1406 3179 1449 3211 85
1474 3178 1522 3209 ad
1536 3189 1679 3219 poenam
1703 3183 1880 3223 accere-i,-
1902 3186 1945 3217 43

191 3223 295 3269 Οὖῖὂς
323 3233 565 3279 ’φῦσεχαίρησε
598 3236 666 3270 τῶν
689 3233 886 3278 ἡγεμόνων·
925 3261 931 3267 .
958 3260 964 3267 .
992 3234 1051 3269 καὶ
1084 3234 1278 3266 Antenorem
1301 3236 1457 3267 accersiri
1476 3235 1569 3268 habet.
1593 3254 1636 3261 —
1660 3238 1835 3272 Meu-'nm
1851 3242 1948 3273 Plau-

191 3285 358 3331 flssffltwss
384 3288 446 3334 τὴν
468 3288 548 3328 ὁδὸν
571 3289 707 3327 ἅπασαν
739 3290 794 3335 ἐφ’
817 3289 951 3335 ἡμέρας
973 3293 1048 3326 πολ·
1082 3292 1158 3333 am]
1185 3292 1225 3323 de
1249 3302 1313 3332 quo
1336 3292 1424 3324 Anu.
1451 3295 1503 3332 1⁸,
1532 3296 1582 3327 19.
1611 3296 1664 3334 14,
1692 3298 1735 3329 82
1759 3301 1792 3329 et
1815 3299 1857 3330 57
1875 3308 1946 3339 sqq.

190 3339 252 3382 λὰξ
274 3344 511 3391 συνοχούμενος
533 3348 728 3383 διετέλεσεν.
1085 3366 1127 3371 -
1162 3350 1207 3379 M.
1233 3347 1364 3393 Οκιυο]
1401 3350 1485 3380 Puto
1520 3350 1577 3382 illo
1610 3351 1655 3383 Π.
1680 3354 1800 3386 cresso
1833 3355 1946 3396 Frugi,

1593 3408 1675 3448 16*
