2176 3672
8 3066 11 3070 .
8 3051 11 3053 .
0 2669 23 3039 ggwfflx-zufflfww

797 253 970 296 LIBER
998 254 1030 296 Ι.

1089 253 1190 308 Cap.
1221 251 1260 297 5.
1292 255 1330 298 6.
1863 253 1947 297 233

179 368 254 412 ille
280 371 332 412 ut
358 367 591 424 Nymphidi
620 369 781 421 socius,
823 367 893 411 hic
921 370 972 411 ut
1001 368 1087 410 dux
1116 368 1318 423 Neronis,
1356 369 1540 412 inauditi
1575 372 1706 423 atque
1741 367 1949 411 indefensi

178 451 381 503 tanquam
400 449 656 492 >innoeentes
679 448 908 502 perierant.
944 448 1147 491 introitus
1177 449 1220 491 in
1249 449 1395 492 urbem
1426 449 1653 492 trucidatis
1684 451 1750 491 tot
1777 447 1948 491 milibus

178 528 400 572 inermium
428 528 612 572 militum
640 527 854 571 infaustus
884 529 1023 571 omine
1052 532 1182 582 atque
1211 530 1316 582 ipsis
1347 530 1475 572 etiam
1495 530 1569 583 qui
1598 529 1843 572 occiderant
1861 527 1949 570 for-

177 608 422 653 midolosus.
461 609 637 652 inducta
666 609 831 662 legione
860 608 1066 662 Hispana,
1095 612 1339 652 remanente
1369 621 1431 662 ea,
1461 622 1589 663 quam
1619 621 1643 652 e
1671 608 1807 652 classe
1835 607 1948 651 Nero

178 689 501 744 conscripserat,
530 689 657 743 plena
685 689 787 732 urbs
818 689 1005 732 exercitu
1034 689 1227 741 insolit03
1257 689 1381 731 multi
1410 689 1466 731 ad
1495 688 1576 732 hoc
1605 689 1769 732 numeri
1798 701 1822 731 e
1841 687 1947 732 Ger·
1961 698 1980 728 5

175 769 319 813 mania
346 781 397 812 ac
425 769 649 812 Britannia
679 773 722 812 et
751 769 943 824 Illyrico,
982 782 1089 823 quos
1127 769 1240 812 idem
1269 767 1382 811 Nero
1422 769 1578 812 electos
1607 768 1948 823 praemissosque

176 849 235 893 ad
260 848 450 912 claustra
466 849 719 905 Caspiarum
749 853 793 893 et
820 849 991 903 bellum,
1019 850 1135 904 quod
1164 850 1208 892 in
1226 848 1414 892 Albanos
1439 848 1635 903 parabat,
1657 848 1946 903 opprimendis

270 990 288 1020 1
313 989 484 1031 nimphydi
567 991 587 1022 3
611 989 743 1020 homine

824 989 845 1019 4
872 988 1018 1027 legiones
1042 987 1101 1018 sed
1120 987 1180 1018 liu.
1203 997 1219 1018 s
1243 997 1339 1018 erasa

1408 989 1427 1020 6
1451 986 1630 1019 brittannia
1696 986 1814 1018 illirico

174 1114 240 1146 dum
262 1114 413 1156 Neronis]
448 1115 483 1146 in
506 1115 686 1146 Britannia.
725 1115 775 1146 cf.
798 1114 885 1145 Ann.
913 1116 974 1153 14,
999 1115 1042 1145 39
1076 1112 1196 1151 leyione
1218 1110 1384 1156 Hispana]
1410 1112 1476 1144 vn
1501 1112 1666 1144 Galbiana
1688 1113 1728 1144 cf.
1754 1114 1784 1151 2,
1811 1114 1863 1144 11.
1890 1114 1944 1144 86.

174 1176 208 1204 et
233 1173 292 1213 1⁶,
317 1175 382 1205 ⁷12:
414 1173 605 1213 triumphale
637 1172 732 1204 decus
754 1172 900 1203 Petronio
927 1171 1041 1210 Turpi-
1077 1172 1109 1208 3,
1129 1171 1158 1200 7.
1179 1170 1231 1201 10.
1249 1171 1303 1201 21.
1321 1171 1376 1202 22.
1395 1171 1448 1201 25.
1487 1170 1574 1202 Suet.
1601 1169 1708 1201 Galba
1733 1171 1793 1202 1οε
1819 1179 1836 1200 e
1852 1169 1946 1209 plebe

174 1229 264 1262 liano
286 1248 331 1253 —
353 1230 471 1261 tribuit.
496 1248 541 1253 ——
576 1231 716 1262 inauditi
748 1235 842 1269 atque
874 1225 1042 1270 indefensi]

175 1287 217 1327 2,
244 1288 286 1320 10
317 1287 512 1328 indefensum
534 1292 565 1318 et
586 1287 763 1318 inauditum
769 1298 784 1326 ;
817 1286 903 1317 Anu.
930 1286 970 1324 2,
997 1285 1038 1317 77

174 1347 208 1376 et
229 1344 318 1375 Dial-
345 1347 386 1376 16
410 1344 589 1375 inauditum
612 1349 641 1376 et
663 1345 869 1385 indefensum.
894 1360 939 1366 —
971 1346 1040 1372 tan-

173 1411 270 1441 quam
291 1401 480 1442 metentes]
505 1402 581 1441 qnia
600 1411 666 1433 non
683 1411 703 1432 a
718 1401 879 1433 iudicibus
896 1399 1041 1431 damnati

174 1468 281 1498 neque
305 1460 421 1499 eulpae
442 1459 585 1490 convicti
608 1462 719 1498 erant,
743 1459 777 1490 id
801 1458 888 1497 quod
912 1456 1039 1488 Galbae

172 1515 332 1547 invidiam
363 1516 549 1549 concitavit.
598 1516 648 1548 Cf.
673 1516 771 1547 etiam
803 1516 911 1546 locum
940 1514 1040 1544 Plinii

171 1574 258 1614 Epp.
288 1574 331 1612 4,
358 1575 420 1612 11,
446 1574 467 1604 8
502 1573 542 1604 de
576 1573 730 1605 Cornelia
762 1573 901 1604 vestali:
935 1571 1038 1610 Dim't,

172 1630 270 1662 donec
292 1631 340 1661 ad
361 1631 556 1671 supplicium,
579 1631 684 1662 nescio
708 1641 752 1662 an
774 1631 934 1668 innocens,
958 1633 1039 1659 certe

170 1692 333 1728 tamquam
354 1688 501 1719 immoene
525 1688 622 1719 ducta
644 1692 698 1718 est.
746 1688 795 1718 Ae
827 1687 1038 1727 Turpilianus

172 1746 303 1785 quidem
327 1748 409 1776 teste
433 1746 518 1776 Plut.
536 1744 576 1776 G.
595 1748 648 1777 17.
673 1745 799 1777 occisus
823 1748 882 1783 est,
909 1738 964 1777 ὅτι
988 1740 1037 1786 μὴ

171 1800 350 1844 προεδίδου
367 1800 457 1844 μηδὲ
474 1799 586 1844 ἐμίσει
601 1798 658 1835 τὸν
675 1797 830 1844 ἡγεμόνα
846 1798 1038 1844 (Neronem)

171 1857 317 1892 τοιοῦτον
349 1853 430 1892 ὄντα
463 1855 682 1901 μισούμενος,
716 1853 797 1892 ἄλλο
828 1856 868 1892 δὲ
892 1855 982 1900 μηδὲ
1003 1854 1039 1891 ἓν

173 1914 262 1958 μέγα
297 1913 536 1957 συναδικήσας.
564 1933 605 1939 —-
637 1916 807 1946 maeidatis
833 1920 879 1946 tot
901 1914 1036 1955 milibus]

174 1974 226 2006 cf.
250 1973 285 2004 C.
304 1974 358 2003 31.
386 1975 438 2005 37.
466 1974 519 2004 87.
562 1973 648 2004 Suet.
676 1972 716 2005 G.
745 1973 807 2004 12:
838 1977 874 2002 ut
897 1972 1038 2011 primum

171 2029 278 2060 urbem
300 2030 422 2061 ὐιινοίἰε
444 2047 499 2068 -,
523 2030 708 2061 classiarios
732 2047 776 2053 —
799 2040 863 2061 non
885 2029 977 2060 modo
991 2029 1038 2059 in-

172 2086 268 2118 misso
283 2086 383 2126 equite
399 2087 532 2126 disiecit,
556 2087 613 2117 sed
627 2087 794 2118 decimavit
808 2086 912 2117 etiam.
948 2087 1036 2118 Plut.

175 2143 215 2175 G.
235 2145 295 2175 15:
317 2139 420 2176 Ἐπεὶ
442 2141 482 2178 δὲ
505 2142 652 2186 προσιών
676 2139 795 2187 οἷπεῖχε
818 2144 882 2186 τῆς
905 2141 1039 2181 πόλεως

172 2197 250 2241 περὶ
273 2198 370 2233 πέντε
395 2198 454 2233 καὶ
477 2200 585 2234 εἴκοσι
614 2192 788 2239 σταδίόυς,
823 2197 1038 2244 ἐνετύγχανεν

141 2282 147 2287 .
173 2252 325 2301 α’κοσμίᾳ
357 2255 415 2290 καὶ
448 2256 585 2302 θορύβῳ
617 2257 685 2292 τῶν
718 2256 842 2300 ἐρετῶν
871 2254 934 2299 τὴν
959 2253 1038 2291 ὁδὸν

171 2311 445 2357 προκατεχόντων
461 2313 520 2347 καὶ
535 2314 803 2358 περικεχυμένων
819 2312 1037 2358 πανταχόθεν.

173 2362 280 2404 Οὗτοι
310 2367 349 2404 δὲ
381 2362 490 2413 ἦσαν,
525 2365 584 2409 οὓς
609 2370 657 2410 εἰς
678 2368 714 2405 ἓν
737 2368 852 2414 τάγμα
875 2367 895 2405 ό
919 2370 1039 2414 Νέρων

175 2425 374 2471 συλλοχίσας
413 2423 566 2470 ἀπέφηνε
606 2426 830 2470 στρατιώτας·
871 2427 930 2462 καὶ
961 2425 1039 2462 τότε

172 2480 336 2524 παρόντες
359 2481 661 2528 ἐκβεβαιώσασὲῐαι
683 2483 745 2527 τὴν
771 2484 946 2528 στρατείαν
972 2479 1041 2519 οὔτ’

172 2535 323 2583 ὀφθῆναι
366 2543 438 2579 τοῖς
482 2535 673 2575 ἀπαντῶσιν
720 2537 789 2576 οὔτ’
829 2538 1041 2585 οἰκουσὲῆναι

171 2596 334 2638 παρίεσαν
368 2594 426 2632 τὸν
462 2591 712 2641 αὐτοκράτορα,
753 2595 825 2633 ἀλλ’
860 2596 1039 2644 ἐθορύβουν

173 2653 238 2698 βοῇ
271 2657 400 2697 σημεῖα
430 2653 480 2698 τῷ
513 2652 661 2698 τάγματι
691 2655 751 2690 καὶ
774 2655 887 2701 χώραν
911 2656 1037 2690 αἰτοῦν-

170 2721 244 2749 τες·
269 2729 314 2735 —-
338 2709 432 2745 ἐνίων
463 2709 501 2746 δὲ
524 2709 584 2745 καὶ
613 2710 675 2751 τὰς
707 2713 878 2758 μαχαίρας
909 2725 1037 2748 σπασα-

173 2766 279 2810 μένων
313 2765 472 2802 έκέλευσε
503 2766 582 2807 τοὺς
605 2769 717 2809 ἱππεῖς
742 2769 899 2814 ἐμβαλεῖν
923 2767 1038 2809 αὐτοῖς

1077 1227 1201 1266 quidem
1226 1227 1416 1268 provinciae
1446 1227 1583 1267 leqioms
1618 1225 1730 1271 [immo
1763 1224 1941 1270 legionem]

1076 1288 1105 1314 et
1120 1284 1247 1315 auxdia
1260 1284 1458 1324 conscripsit.
1469 1294 1500 1315 v.
1518 1283 1562 1315 W.
1575 1284 1731 1324 Isslzner:
1747 1282 1943 1315 Gesehiehte

1076 1341 1133 1371 der
1166 1342 1350 1373 romischen
1381 1342 1654 1382 Kaiserlegionen
1684 1350 1752 1372 von
1775 1341 1944 1379 Augustus

1075 1397 1126 1428 bis
1137 1397 1335 1430 Hadrianus.
1360 1400 1500 1439 Leipzig
1513 1400 1612 1432 1881.
1636 1409 1668 1439 p.
1682 1398 1736 1430 46.
1749 1399 1825 1430 104.
1841 1399 1906 1429 243
1917 1407 1943 1428 s.

1075 1472 1119 1477 —
1142 1464 1159 1484 e
1182 1454 1296 1496 classe]
1328 1466 1355 1487 e.
1375 1458 1417 1488 31
1443 1456 1524 1495 leyio
1547 1456 1703 1493 classica,
1730 1457 1772 1487 36
1797 1454 1944 1485 clasma-

1075 1521 1182 1542 corum
1205 1513 1238 1550 l.,
1264 1514 1294 1552 2,
1317 1515 1367 1544 11.
1388 1516 1442 1547 23.
1461 1516 1505 1546 24
1521 1514 1634 1554 prima
1656 1513 1689 1551 l.,
1715 1514 1747 1551 2,
1772 1513 1814 1544 67
1833 1511 1946 1551 prima

1075 1569 1282 1601 classicorum
1303 1569 1344 1609 l,
1382 1573 1413 1610 2,
1438 1573 1493 1604 43.
1519 1573 1554 1611 3,
1575 1573 1619 1603 44
1646 1569 1760 1611 prima
1781 1568 1944 1600 Adiutrix.

1074 1627 1167 1658 Nihil
1190 1631 1299 1659 autem
1323 1628 1406 1660 haee
1428 1629 1543 1660 habuit
1566 1638 1737 1660 commuue
1769 1636 1844 1658 eum
1874 1623 1943 1668 ἐρέ-

1073 1694 1148 1722 ταις
1181 1695 1281 1725 supra
1304 1686 1512 1723 memoratis,
1548 1695 1630 1725 quos
1662 1685 1817 1717 trucidari
1849 1683 1944 1715 iussit

1076 1741 1191 1773 Galba.
1210 1762 1213 1765 <
1240 1742 1367 1774 Horum
1391 1744 1447 1783 qui
1471 1743 1604 1774 caedem
1620 1746 1805 1780 evaserant,
1830 1744 1944 1781 postea

1074 1799 1204 1830 demum
1236 1798 1323 1831 Otho
1352 1800 1387 1832 in
1419 1810 1565 1832 numeros
1595 1800 1726 1840 leyimzis
1759 1797 1943 1838 composuit.

1074 1855 1111 1887 C.
1129 1858 1184 1888 87.
1208 1857 1261 1888 De
1285 1860 1354 1888 tota
1377 1858 1439 1889 hae
1454 1867 1490 1888 re
1507 1861 1657 1890 accurate
1674 1856 1830 1888 disseruit
1845 1855 1943 1886 Pfitz-

1073 1922 1132 1944 ner
1154 1913 1188 1944 in
1211 1914 1318 1953 Bequ
1341 1915 1409 1945 und
1432 1913 1554 1946 Caesar
1578 1914 1768 1946 Zeitsehrift
1793 1914 1891 1945 1846.
1914 1913 1941 1944 Ι.

1073 1979 1104 2009 p.
1125 1972 1188 2008 14„
1213 1970 1304 2002 euius
1319 1972 1557 2011 expositionem
1574 1972 1724 2003 dabimus
1740 1971 1774 2002 in
1792 1970 1943 2001 Excursu

1073 2027 1116 2057 ad
1140 2028 1172 2059 h.
1191 2028 1212 2058 1.
1237 2045 1282 2050 —-
1313 2029 1447 2070 numen]
1470 2029 1544 2061 Hoe
1566 2033 1627 2068 est,
1652 2029 1814 2066 cohortes,
1839 2026 1942 2057 mani-

1073 2085 1160 2123 puli,
1196 2085 1338 2125 vexilla,
1374 2090 1522 2128 turmae3
1558 2087 1742 2126 quicunque
1776 2094 1843 2115 non
1867 2093 1943 2114 con-

1075 2142 1187 2182 scripti
1211 2142 1251 2191 in.
1268 2143 1388 2174 iustam
1411 2143 1585 2183 legionem.
1610 2144 1748 2174 DUEBN.
1784 2143 1825 2174 es.
1851 2152 1879 2173 e.
1898 2144 1940 2174 87

1074 2200 1108 2229 in
1130 2209 1274 2230 numeros
1296 2200 1440 2239 leyionis.
1473 2202 1554 2240 Agr.
1576 2202 1636 2231 18:
1662 2200 1772 2241 sparsi
1786 2209 1848 2240 per
1864 2209 1942 2239 pro-

1073 2256 1210 2287 vinciam
1242 2258 1372 2288 numeri.
1423 2258 1510 2289 Suet.
1534 2258 1634 2298 Vesp.
1661 2260 1690 2290 6.
1723 2275 1768 2280 —
1807 2254 1942 2295 Caspia-

1073 2312 1153 2357 rum]
1186 2314 1274 2345 Suet.
1300 2316 1377 2346 Ner.
1403 2316 1477 2354 19.‚
1516 2314 1573 2346 ubi
1597 2319 1633 2346 nt
1655 2315 1758 2354 vulgo
1781 2316 1942 2345 vocantur

1075 2369 1211 2411 Caspiae,
1228 2376 1355 2411 portae,
1380 2371 1416 2405 αἱ
1438 2367 1595 2406 Κάσπιαι
1617 2369 1730 2412 πύλαι,
1754 2372 1851 2403 unica
1874 2371 1941 2410 via,

1074 2438 1157 2467 quae
1190 2439 1230 2460 ex
1253 2429 1351 2460 Asiae
1378 2429 1589 2461 occidentalis
1620 2433 1714 2470 parte
1740 2429 1941 2469 Septentrio-

1075 2495 1149 2516 nem
1173 2495 1290 2517 versus
1323 2487 1386 2518 sita
1416 2487 1556 2519 ducebat
1584 2488 1618 2518 in
1641 2487 1811 2518 Persidem
1836 2486 1941 2517 orien-

1074 2544 1174 2574 talem
1197 2546 1231 2574 et
1245 2543 1392 2583 Indiam;
1416 2545 1493 2576 hine
1509 2544 1670 2585 Dionysio
1687 2544 1815 2582 Perieg.
1833 2544 1939 2575 1064:

1073 2599 1213 2641 κληῖδες
1235 2598 1337 2642 γαίης
1358 2597 1564 2643 ’Δανίτιδος
1613 2600 1765 2640 Forbi9er
1796 2599 1940 2640 Geogra-

1074 2657 1150 2696 phie
1173 2657 1216 2689 11.
1243 2667 1275 2697 p.
1292 2659 1347 2690 47.
1396 2659 1435 2690 ef.
1471 2659 1557 2689 Anu.
1583 2659 1622 2698 6,
1648 2659 1692 2689 ³3
1730 2657 1850 2697 Caspia
1872 2657 1938 2689 via.

1074 2718 1187 2745 eontra
1217 2715 1344 2746 Plinius
1367 2716 1399 2745 h.
1417 2725 1450 2746 n.
1475 2715 1533 2745 VI.
1561 2717 1598 2746 11
1614 2738 1622 2753 ,
1647 2716 1691 2748 30
1717 2720 1834 2755 portae
1859 2715 1940 2749 Cau-

1073 2772 1200 2810 casiae,
1237 2781 1352 2811 mayno
1384 2781 1491 2803 errore
1522 2772 1628 2803 multis
1660 2771 1796 2813 Oaslnlae
1824 2773 1938 2812 diotae,

171 2820 190 2858 ό
214 2822 374 2870 Γάλβας·
410 2821 541 2868 ιῖπέστη
566 2824 605 2860 δὲ
630 2824 744 2866 οὐδεὶς
773 2826 928 2868 ἐκείνων,
964 2824 1037 2862 ἀλλ’
1075 2830 1136 2867 13,
1162 2830 1205 2860 40
1240 2829 1444 2867 com-iqendus
1474 2833 1521 2860 m
1542 2829 1601 2860 hoc
1622 2829 1692 2861 loco
1715 2840 1807 2861 error
1829 2830 1938 2862 multo-

172 2880 203 2916 οἱ
227 2880 287 2925 μὶν
311 2878 415 2921 εὐθὺς
438 2879 704 2926 ἀνατραπέντες,
740 2884 770 2918 οἱ
793 2883 832 2919 δὲ
856 2882 1038 2928 φεύγοντες
1071 2897 1160 2923 mm,
1196 2887 1290 2917 etiam
1314 2887 1371 2925 qui
1391 2887 1425 2917 in
1448 2887 1602 2917 Armenia
1623 2896 1674 2918 res
1699 2888 1847 2927 prome
1870 2899 1939 2919 cum

170 2935 406 2982 διεφθάρησαν
429 2935 468 2973 ου’
489 2938 637 2984 χρηστὸν
653 2938 733 2976 οὐδὲ
748 2941 854 2975 αἴσιον
870 2942 1038 2980 ποιοῦντες

170 2994 221 3039 τῷ
258 2994 289 3028 Γ
290 2992 380 3040 άλβᾳ
413 2993 470 3029 τὸν
505 2995 620 3031 οἰωνὸν
654 2996 793 3032 εἰσιόντι
826 2996 884 3033 διὰ
916 2998 1036 3032 πολλοῦ

171 3050 275 3095 φόνου
310 3051 369 3086 καὶ
402 3054 528 3095 νεκρῶν
562 3052 730 3088 τοσούτων
763 3054 811 3094 εἰς
842 3053 904 3097 τὴν
933 3053 1034 3090 πόλιν.

170 3110 236 3141 Dio
270 3111 323 3141 64.
349 3114 390 3143 3:
423 3107 622 3153 ἀπήντησαν
658 3107 754 3156 αὐτῷ
792 3112 822 3146 οἱ
856 3111 1038 3156 δορυφόροι

171 3165 323 3209 (deberet
338 3176 411 3198 esse
434 3165 465 3200 οἱ
488 3165 618 3209 ἐρέται·
644 3169 719 3201 vide
735 3169 954 3213 Reimarumz)
979 3169 1036 3203 τοῦ

171 3220 331 3264 Νέρωνος
363 3234 426 3247 -·
467 3222 581 3267 ἐφῆκέ
621 3234 717 3268 σφισι
755 3223 793 3260 τὸ
830 3224 1032 3269 στράτευμα.

171 3276 231 3311 καὶ
254 3278 284 3312 οἱ
308 3277 368 3321 μὲν
389 3281 599 3324 παραχρῆμα
621 3280 657 3320 ἐς
673 3281 941 3327 ἑπτακισχιλίους
957 3279 1037 3318 οἷπέ-

173 3334 283 3377 ὕανον,
307 3334 337 3368 οἱ
353 3333 391 3370 δὲ
407 3335 465 3371 καὶ
482 3335 566 3380 μετὰ
583 3338 681 3373 τοῦτο
705 3339 973 3379 δεκατευῇέντες.
992 3359 1036 3365 -

1073 2942 1244 2974 Corbulone
1276 2953 1407 2982 qeaeere.
1439 2954 1572 2983 namque
1603 2944 1636 2974 hi
1661 2943 1796 2984 Caspias
1828 2947 1939 2986 appel-

1071 3001 1175 3031 lavere
1202 3005 1317 3039 portas
1341 3000 1510 3039 Hiberiae,
1545 3011 1627 3040 quaa
1650 3000 1828 3034 Caucasiae
1857 3003 1938 3034 dixi-

1072 3068 1138 3088 mus
1163 3057 1288 3094 vocari,
1320 3057 1459 3097 situsque
1482 3058 1600 3098 depicti
1620 3063 1650 3089 et
1672 3059 1747 3090 inde
1767 3060 1859 3091 misai
1879 3060 1938 3091 hoc

1071 3124 1182 3146 nomeu
1205 3114 1390 3154 inscriptum
1412 3115 1535 3146 habent.
1570 3120 1600 3146 et
1622 3116 1758 3147 Neronia
1777 3117 1938 3157 prim-:pis

1073 3172 1271 3202 comminatio
1295 3172 1341 3202 ad
1363 3170 1498 3211 Caspias
1528 3176 1643 3211 portae
1665 3173 1789 3205 tendere
1813 3174 1937 3206 diceba-

1071 3233 1140 3265 tur,
1175 3238 1244 3258 cum
1261 3232 1381 3267 peteret
1403 3228 1497 3266 illas,
1533 3239 1613 3267 quae
1630 3240 1693 3269 per
1715 3230 1881 3262 Hiberiam
1904 3232 1938 3262 in

1072 3286 1241 3315 Sarmatas
1265 3285 1400 3316 tendunt.
1427 3303 1473 3308 -—
1504 3286 1537 3316 in
1561 3286 1715 3327 Albanos]
1742 3287 1830 3320 Suet.
1854 3289 1875 3318 l.
1893 3291 1935 3320 1.:

1073 3342 1216 3373 Parabat
1249 3346 1278 3372 et
1305 3342 1353 3372 ad
1386 3342 1522 3382 Caspias
1549 3348 1667 3383 portae
1699 3346 1935 3387 expedicionem,
