2176 3672
693 300 865 344 LIBER
893 300 948 343 II.
1007 299 1108 355 Cap.
1134 301 1200 343 94.
1232 301 1299 344 95.
1330 302 1398 345 96.
1428 301 1496 344 97.
1894 302 1978 345 385

212 416 389 460 noviens
429 414 613 459 milliens
642 415 887 459 sestertium
917 415 1186 470 paucissimis
1215 415 1430 459 mensibus
1458 416 1754 459 intervertisse
1782 417 1981 460 creditur.

212 509 366 552 magna
403 499 448 539 et
484 496 639 539 misera
679 496 829 539 civitas
868 497 1016 540 eodem
1057 508 1167 539 anno
1203 496 1412 540 Othonem
1443 496 1662 540 Vitellium
1701 509 1830 551 passa
1870 492 2004 541 inter'

211 573 359 623 Vinios
387 575 542 620 Fabios
580 576 717 620 Icelos
745 577 960 620 Asiaticos
998 576 1120 619 varia
1160 581 1203 620 et
1241 577 1441 631 pudenda
1479 581 1596 620 sorte
1635 576 1806 631 agebat,
1846 577 1981 620 donec

209 668 451 701 successere
490 657 711 701 Mucianus
758 660 802 700 et
841 656 1068 700 Marcellus
1116 660 1159 700 et
1199 658 1335 712 magis
1378 657 1454 700 alii
1495 657 1687 700 homines
1730 670 1857 712 quam
1904 657 1980 700 alii

209 749 360 781 mores.
2015 746 2035 775 5

324 816 420 871 (96)
460 816 606 860 Prima
637 816 811 860 Vitellio
851 817 1005 860 tertiae
1044 817 1221 871 legionis
1253 816 1434 861 defectio
1472 818 1713 870 nuntiatur,
1754 818 1897 861 missis
1926 818 1980 861 ab

209 898 377 952 Aponio
418 897 648 941 Saturnino
688 897 905 951 epistulis,
946 901 1173 952 antequam
1215 898 1253 940 is
1293 910 1459 952 quoque
1496 898 1749 952 Vespasiani
1788 898 1981 952 partibus

208 977 527 1033 adgregaretur.
572 978 647 1020 sed
674 990 810 1032 neque
839 978 1031 1032 Aponius
1060 982 1233 1032 cuncta,
1274 982 1325 1021 ut
1352 979 1573 1032 trepidans
1603 991 1650 1021 re
1678 978 1842 1032 subita,
1882 992 1979 1032 per-

209 1058 462 1112 scripserat,
502 1062 546 1101 et
575 1058 701 1101 amici
730 1058 952 1102 adulantes
981 1059 1150 1102 mollius
1180 1058 1595 1113 interpretabantur:
1635 1059 1761 1101 unius
1798 1058 1978 1111 legionis

209 1150 303 1182 eam
342 1139 614 1191 seditionem,
657 1139 809 1182 ceteris
849 1138 1104 1182 exercitibus
1144 1143 1340 1183 constare
1378 1138 1515 1182 fidem.
1574 1139 1618 1182 in
1655 1139 1768 1182 bunc
1806 1139 1977 1181 modum
1994 1148 2035 1177 10

208 1218 339 1263 etiam
366 1218 566 1262 Vitellius
594 1219 711 1273 apud
738 1219 896 1262 milites
926 1219 1151 1272 disseruit,
1191 1220 1486 1274 praetorianos
1516 1232 1652 1274 nuper
1681 1222 1979 1262 exauctoratos

208 1299 455 1353 insectatus,
485 1312 512 1341 a
540 1298 695 1354 quibus
724 1298 856 1342 falsos
883 1312 1074 1342 rumores
1104 1299 1294 1354 dispergi
1324 1311 1401 1342 nec
1430 1299 1564 1342 ullum
1595 1299 1732 1343 civilis
1760 1299 1862 1342 belli
1891 1312 1978 1342 me-

207 1381 300 1421 tum
329 1379 623 1432 adseverabat,
653 1391 884 1434 suppresso
912 1379 1167 1434 Vespasiani
1194 1380 1364 1423 nomine
1394 1383 1438 1423 et
1467 1380 1587 1434 vagis
1616 1393 1694 1434 per
1722 1379 1871 1423 urbem
1900 1380 1977 1422 mi-

206 1457 368 1513 litibus,
397 1459 471 1514 qui
500 1472 714 1503 sermones
742 1460 891 1514 populi
911 1464 1164 1504 coercerent.
1211 1461 1258 1503 id
1276 1461 1553 1515 praecipuum
1574 1461 1821 1504 alimentum
1840 1459 1979 1502 famae

208 1541 314 1582 erat.
373 1538 467 1595 (97)
498 1540 657 1583 auxilia
686 1545 826 1584 tamen
857 1553 880 1583 e
906 1539 1134 1584 Germania
1162 1541 1469 1595 Britanniaque
1498 1544 1542 1584 et
1563 1541 1782 1595 Hispaniis
1812 1541 1977 1593 excivit,
1994 1549 2034 1578 15

207 1619 397 1674 segniter
415 1623 459 1664 et
477 1621 775 1665 necessitatem
796 1621 1082 1664 dissimulans.
1128 1622 1305 1676 perinde
1320 1621 1450 1676 legati
1464 1622 1791 1676 provinciaeque
1807 1625 1977 1664 cuncta-

207 1699 376 1754 bantur,
404 1700 673 1744 Hordeonius
703 1701 881 1745 Flaccus
913 1702 1125 1756 suspectis
1152 1702 1237 1744 iam
1266 1702 1444 1744 Batavis
1473 1702 1625 1745 anxius
1653 1702 1826 1756 proprio
1854 1701 1977 1754 bello,

208 1779 381 1824 Vettius
409 1780 598 1824 Bolanus
626 1794 853 1836 numquam
891 1783 997 1825 satis
1027 1782 1173 1837 quieta
1200 1782 1443 1835 Britannia,
1483 1786 1527 1825 et
1562 1786 1742 1836 uterque
1780 1781 1977 1836 ambigui.

208 1872 345 1915 neque
374 1873 425 1904 ex
453 1860 673 1915 Hispaniis
702 1861 1034 1916 properabatur,
1063 1862 1181 1905 nullo
1212 1866 1303 1905 tum
1333 1862 1392 1904 ibi
1422 1862 1655 1905 consulari:
1686 1862 1817 1905 trium
1847 1861 1977 1915 legio-

208 1952 310 1983 num
338 1939 481 1995 legati,
511 1954 634 1995 pares
664 1943 756 1985 iure
786 1947 829 1986 et
854 1943 1070 1997 prosperis
1090 1942 1253 1986 Vitellii
1273 1942 1400 1986 rebus
1421 1943 1624 1986 certaturi
1644 1943 1699 1985 ad
1717 1942 1977 1996 obsequium,
1990 1951 2033 1980 20

211 2020 432 2064 adversam
470 2022 562 2064 eius
600 2020 814 2064 fortunam
850 2035 901 2065 ex
931 2035 1066 2077 aequo
1095 2023 1401 2066 detrectabant.
1445 2023 1488 2065 in
1519 2021 1665 2065 Africa
1691 2022 1801 2076 legio
1831 2022 1976 2065 cohor-

210 2102 362 2155 tesque
390 2100 580 2144 delectae
610 2114 636 2144 a
666 2101 814 2144 Clodio
844 2102 1012 2155 Macro,
1056 2115 1152 2145 mox
1182 2115 1208 2144 a
1238 2101 1375 2145 Galba
1410 2102 1630 2155 dimissae,
1670 2114 1818 2145 rursus
1857 2102 1976 2144 iussu

211 2179 376 2225 Vitellii
413 2181 607 2225 militiam
646 2194 818 2236 cepere;
863 2182 990 2225 simul
1027 2186 1170 2226 cetera
1207 2182 1406 2226 iuventus
1443 2182 1572 2225 dabat
1601 2182 1765 2236 inpigre
1793 2181 1975 2224 nomina.

305 2343 320 2372 1
349 2342 535 2374 crederetur
603 2344 623 2374 2
648 2352 768 2383 magne
784 2341 829 2387 et]
855 2343 1038 2383 sagina-at
1063 2343 1183 2374 Hehler
1251 2343 1388 2385 uitelliiil
1415 2341 1662 2385 (Vitelliumque
1678 2340 1768 2383 dat.)
1837 2342 1857 2373 3
1883 2351 1975 2382 &sya-

212 2387 295 2419 tieos
387 2390 406 2419 '1
431 2389 515 2428 eplis
539 2398 608 2419 cum
623 2388 679 2419 lin.
697 2389 831 2419 inliml
925 2390 944 2419 9
969 2390 1100 2420 mollius
1123 2389 1160 2420 b.-
1183 2390 1318 2420 munius
1410 2388 1679 2428 Interptabantnr
1772 2389 1811 2419 11
1839 2391 1975 2419 exaucto

214 2437 287 2465 mo
382 2435 425 2465 15
449 2435 618 2474 germania
637 2434 644 2478 Ι
663 2444 684 2465 n
706 2435 905 2475 brittaninq3
930 2435 963 2477 (a
986 2435 1048 2466 del.
1077 2433 1140 2476 lm)
1231 2436 1274 2467 16
1299 2435 1508 2475 prouincieq3
1606 2436 1647 2466 18
1672 2434 1850 2465 brittannia

211 2582 340 2613 noviom
362 2582 500 2614 maliem
523 2584 707 2624 aesta-tima]
734 2583 908 2615 Suetonius
932 2583 998 2614 vit.
1017 2585 1077 2615 13:
1114 2583 1290 2614 SENSVS
1303 2582 1615 2621 EXEROITVVM,
1641 2583 1729 2613 Mars
1745 2592 1817 2614 cnm
1841 2585 1975 2622 tropaeo

211 2638 373 2670 adiubat
394 2644 498 2671 antem
521 2640 617 2671 aliud
637 2640 698 2671 alii
719 2640 827 2671 eadem
851 2640 912 2678 die,
936 2649 993 2670 nec
1017 2640 1079 2670 cui-
1113 2641 1167 2671 vel
1191 2641 1284 2680 signo
1314 2641 1446 2671 militari
1477 2640 1641 2672 incedens.
1688 2639 1728 2670 cs.
1754 2639 1922 2670 Akermxn
1947 2639 1975 2670 1.

212 2706 307 2735 quam
341 2698 443 2728 mem
483 2697 602 2737 einquli
638 2703 818 2738 amaracus
854 2697 1078 2736 qmdrenqenis
1114 2706 1145 2736 p.
1167 2697 1243 2727 178.

211 2753 339 2785 milibus
376 2764 532 2786 nummum
566 2755 779 2787 constiteram.
813 2772 857 2777 —
895 2764 1013 2793 πιαφια.
1050 2757 1080 2784 et
1204 2755 1258 2787 97.
1308 2751 1523 2796 Hordeonius]
1557 2753 1598 2783 ad
1623 2752 1727 2783 Rheni
1750 2753 1841 2791 ripae
1865 2761 1976 2783 curam

212 2810 331 2842 niuem
354 2809 481 2855 civitas]
506 2812 547 2842 cf.
572 2812 658 2843 Ann.
687 2814 739 2850 14,
765 2812 807 2843 65
833 2811 1021 2842 &sidiam
1046 2811 1079 2841 in
1114 2810 1264 2848 relictus,
1304 2820 1332 2841 c.
1349 2812 1389 2842 57
1405 2833 1414 2849 ,
1457 2809 1574 2840 Veneta
1606 2809 1751 2840 Bolanus
1787 2809 1976 2840 Britanniae

214 2866 370 2899 Neronem
397 2879 517 2908 maqna
548 2868 644 2900 moles
667 2873 697 2900 ει
718 2869 918 2909 inprospera.
952 2868 1080 2907 Draqer
1114 2867 1337 2907 praepositus,
1362 2876 1388 2898 c.
1407 2867 1460 2898 65.
1486 2867 1623 2897 Dones.
1650 2883 1695 2890 —
1728 2870 1857 2904 uterque
1879 2865 1977 2896 ambi-

215 2922 308 2963 synt.
332 2925 354 2966 ᾗ
379 2926 455 2957 113.
480 2943 525 2949 -
559 2925 690 2967 Fabios]
723 2926 862 2957 Fabium
886 2925 1078 2965 Valentem3
1112 2921 1181 2967 grui]
1205 2924 1246 2955 cf.
1271 2925 1303 2962 3,
1321 2926 1364 2956 35
1387 2928 1514 2962 uterque
1539 2922 1858 2962 Vitellianifnoemnt,
1881 2924 1915 2960 4,
1934 2924 1975 2953 84

216 2980 389 3014 ezeciam
411 2982 463 3015 his
486 2992 552 3014 non
575 2986 752 3023 aggregat,
778 2983 855 3022 quia
877 2983 985 3014 minus
1009 2984 1080 3013 erat
1114 2979 1178 3011 dux
1200 2985 1330 3019 uterque
1353 2997 1397 3003 —
1421 2979 1558 3019 defuere.
1585 2981 1711 3019 Drdqer
1734 2979 1827 3020 Synt.
1852 2980 1871 3020 ξ
1890 2981 1932 3012 29
1945 2979 1974 3010 b.

216 3046 347 3069 avarus.
370 3056 415 3062 —
449 3038 636 3083 Marcellus]
672 3040 802 3080 Eprius.
845 3040 886 3071 cf.
911 3039 997 3070 Anu.
1027 3039 1077 3075 16,
1115 3055 1157 3060 —
1181 3038 1268 3068 nullo
1300 3041 1364 3068 tum
1387 3035 1433 3067 ihi
1454 3034 1630 3080 consulari]
1665 3036 1820 3076 quoniam
1843 3035 1980 3068 Cluvius

217 3094 271 3132 22,
295 3104 395 3135 snpra.
417 3105 445 3127 c.
462 3097 518 3128 53.
542 3099 575 3137 4,
601 3100 621 3130 6
646 3100 678 3128 et
700 3098 755 3129 43.
794 3097 869 3128 dial.
889 3098 920 3127 5.
946 3097 976 3127 8.
1002 3097 1056 3127 13.
1114 3094 1219 3126 Rufus
1258 3094 1452 3134 Hispaniam
1491 3094 1575 3125 rexit
1612 3093 1741 3125 absens.
1789 3103 1816 3125 e.
1842 3094 1897 3125 65.
1937 3110 1979 3115 —

263 3152 316 3183 96.
363 3152 498 3194 Aponio]
523 3155 667 3186 Moesiae
691 3156 817 3186 rectore
839 3164 867 3185 e.
885 3154 939 3185 85.
963 3170 1007 3175 -
1031 3162 1079 3183 ce·
1112 3151 1209 3182 trium
1231 3151 1395 3192 leqiormm]
1419 3150 1501 3190 Leg.
1519 3151 1544 3181 1.
1570 3151 1734 3189 Adiutrix,
1758 3150 1815 3180 Vl.
1838 3150 1979 3188 Victrix,

215 3207 292 3238 teria
323 3209 508 3242 aerea-'buu
539 3216 685 3244 constare
706 3211 818 3251 fidem]
854 3220 937 3249 quae
967 3210 999 3240 in
1026 3209 1080 3239 Vi·-
1115 3208 1155 3238 X.
1190 3207 1329 3239 Gemina
1361 3208 1395 3238 in
1419 3207 1581 3247 Hispania
1615 3211 1692 3239 tunc
1724 3207 1911 3239 tendebant.
1936 3225 1980 3231 —-

217 3265 299 3295 tollii
323 3266 464 3298 nummis
487 3267 548 3299 hec
571 3269 662 3309 ipsa,
688 3273 724 3300 ut
746 3268 886 3306 videtur,
911 3267 1080 3298 occasione
1114 3265 1269 3296 certaturi
1300 3264 1347 3295 ad
1378 3263 1567 3304 obsequium]
1599 3265 1640 3295 es.
1669 3265 1755 3296 Anu.
1792 3267 1831 3303 1,
1858 3266 1896 3296 '11
1935 3264 1982 3295 ad

217 3321 354 3360 signatis
377 3325 548 3364 tantopere
571 3326 797 3366 praedicetur:
831 3324 979 3355 FIDES.
1006 3322 1080 3352 EX·
1115 3321 1292 3362 supplenda
1326 3321 1479 3352 exercitus
1515 3321 1635 3351 damna
1667 3326 1826 3352 certavere
1851 3321 1980 3353 Galliac

217 3377 475 3419 EROITVVM,
515 3381 597 3414 duae
627 3383 761 3415 dextrae
794 3384 940 3423 iunctae3
981 3379 1081 3411 CON-
1116 3378 1293 3419 Hispaniae
1310 3378 1418 3409 Italia.
1443 3395 1486 3402 ——
1511 3378 1544 3410 in
1560 3376 1690 3421 Africa]
1716 3378 1797 3410 Vide
1817 3381 1846 3417 1,
1866 3380 1916 3409 11.
1936 3394 1978 3400 —
