2176 3672
176 245 263 289 566
614 238 885 287 CORNELII
915 241 1107 287 TACITI
1139 236 1532 287 HISTORIARUM

690 378 983 424 EXCURSUS
1013 379 1091 423 AD
1120 378 1165 424 C.
1197 380 1252 423 11.
1285 378 1442 431 SEQQ.

291 474 478 511 Consului
512 473 575 512 Fr.
607 473 736 512 Caroli
769 474 897 512 ueier
928 473 1086 513 Iudaica
1124 486 1195 513 seu
1229 479 1408 512 veterum
1440 473 1675 525 scriptorum
1705 473 1960 524 profanorum

178 532 225 569 de
256 532 373 569 rebus
394 531 567 569 Iudaicis
589 531 822 579 fragmenta.
874 530 994 570 Ienae
1028 533 1150 570 1832.
1200 530 1291 569 chr.
1310 530 1391 569 Iac.
1411 529 1737 570 Schmitthenner
1765 530 1814 569 de
1840 531 1962 572 rebus

180 589 351 626 Iudaicis
372 600 632 640 quaecunque
653 588 914 638 prodiderunt
932 589 1146 638 scriptores
1165 587 1303 627 Graeci
1326 591 1367 626 et
1388 587 1531 626 Latini.
1580 587 1686 627 Part.
1706 586 1741 626 L
1761 586 1961 639 Willis-gi

185 648 303 685 1844.
349 646 375 683 1.
408 644 455 684 G.
486 644 633 683 Miiller
671 645 864 683 meten-he
898 645 1192 695 [Intereat-hung
1233 646 1302 682 der
1346 644 1607 683 Taciteischen
1652 643 1829 683 Ber-iente
1866 643 1963 684 iiber

179 703 247 739 den
274 702 478 752 [lt-sprung
498 703 567 739 der
586 701 724 747 Juden‚
761 704 799 739 ιή
825 702 1100 752 Theologt'sclae
1122 701 1279 740 Studien
1301 702 1379 739 und
1398 701 1587 741 [trinken.
1625 703 1748 741 1848.
1776 700 1849 742 IV.
1869 699 1965 755 ΠΨ

179 774 215 809 p.
247 762 341 797 893.
403 758 593 798 Salvador
614 759 786 796 Histoire
815 759 862 796 de
891 759 928 796 Iu
958 759 1193 797 deminution
1224 760 1395 796 romaine
1424 771 1469 796 en
1489 758 1612 796 Jude‘e
1640 764 1678 796 et
1705 758 1751 796 de
1781 758 1822 796 Ιε
1849 761 1965 798 ruine

178 818 223 853 de
261 816 488 853 Jerusalem.
553 815 667 853 Poris
711 817 833 855 1847.
896 815 980 854 Vol.
1022 816 1075 854 11.
1124 815 1314 854 Bunsenii
1358 815 1693 867 Aegyptiacorum
1734 814 1854 855 Liber
1891 814 1964 865 IV,

181 887 267 912 cum
299 874 620 912 commentarium
662 872 705 911 in
736 874 834 912 haec
863 873 1130 912 Historiarum
1162 873 1293 923 capita
1331 873 1371 911 in
1404 873 1585 912 manibus
1614 873 1746 920 habui,
1787 873 1962 912 nondum

179 935 263 969 erat
294 930 434 968 editus.

293 990 331 1025 2.
391 986 567 1035 ludaeos]
601 985 738 1028 »Quae
759 992 983 1039 sequuntur
1003 987 1136 1025 omnia
1154 999 1177 1025 e
1197 986 1458 1038 scriptoribus
1477 987 1604 1037 petita
1622 991 1716 1026 sunt
1735 985 1963 1037 gentilibus,

182 1057 317 1083 manca
347 1048 416 1082 aut
445 1057 606 1094 prorsus
640 1044 742 1082 falsa
781 1044 1058 1083 referentibus.
1119 1044 1264 1082 dudum
1296 1043 1446 1084 Graece
1487 1043 1724 1094 legebantur
1763 1044 1866 1084 nori
1893 1043 1963 1084 Iu-

179 1102 365 1140 daeorum
398 1101 500 1148 libri,
531 1103 713 1140 exstabat
743 1102 902 1152 Iosephi
933 1113 1054 1151 opus:
1084 1101 1151 1140 sed
1177 1100 1337 1140 Tacitus
1365 1101 1408 1139 in
1437 1106 1588 1151 partem
1617 1102 1777 1141 venisse
1803 1100 1965 1142 videtur

180 1160 265 1197 eius
306 1164 566 1208 contemptus,
606 1170 685 1211 quo
725 1159 896 1208 populus
934 1162 1129 1197 terrarum
1169 1158 1351 1197 dominus
1390 1157 1590 1197 afficiebat
1620 1158 1797 1207 Iudaeos,
1830 1171 1964 1212 nequo

182 1217 362 1264 cognitos
394 1215 577 1254 habuisse
606 1222 676 1254 aut
698 1215 871 1254 voluisse
902 1227 1066 1254 noscere
1095 1215 1186 1254 illos
1216 1215 1350 1262 libros,
1381 1228 1434 1253 ex
1453 1214 1599 1268 quibus
1629 1215 1725 1255 solis
1754 1227 1851 1256 vm

180 1279 366 1323 poterant
384 1286 402 1307 «
428 1273 582 1311 Duru.
615 1272 756 1311 merito
778 1279 910 1311 tamen
932 1273 1113 1311 dubitare
1135 1272 1238 1320 licet,
1259 1285 1309 1311 an
1328 1271 1488 1311 Tacitus
1508 1272 1567 1312 uti
1587 1273 1765 1323 potuerit
1780 1272 1965 1324 Iosepho,

181 1343 266 1368 cum
301 1331 364 1368 hic
395 1330 551 1367 Traiani
585 1331 740 1368 demum
770 1330 887 1368 initio
917 1329 1192 1383 Antiquitates
1227 1342 1317 1368 suas
1347 1330 1527 1368 Iudaicas
1566 1330 1735 1369 ediderit
1768 1341 1966 1395 curaeque

181 1394 259 1425 tam
291 1394 425 1426 vastae
458 1387 571 1425 molis
601 1392 695 1425 tunc
725 1400 748 1425 a
779 1386 1007 1437 bibliopolis
1026 1387 1135 1426 illico
1157 1386 1412 1437 multiplicari
1438 1391 1479 1426 et
1508 1399 1532 1425 a
1550 1387 1648 1427 viris
1668 1387 1796 1427 doctis
1814 1384 1966 1441 acquiri

182 1444 406 1496 nequirent.
467 1450 587 1496 atque
617 1446 665 1482 de
698 1444 868 1494 Iosepho
899 1449 1010 1483 tanto
1042 1444 1166 1493 magis
1195 1444 1313 1483 etiam
1344 1444 1421 1482 hoo
1449 1444 1567 1492 valet,
1598 1444 1694 1496 quia
1723 1443 1845 1484 libros
1873 1456 1967 1484 enos

181 1502 265 1551 ipse
309 1502 549 1539 venumdare
586 1501 740 1540 solebat
781 1500 947 1554 (Contra
976 1502 1124 1566 Apion.
1158 1504 1192 1549 1,
1224 1498 1280 1554 9).
1341 1506 1381 1539 et
1421 1500 1456 1539 si
1494 1501 1559 1540 vel
1598 1501 1769 1540 maxime
1805 1499 1967 1541 'rudem

181 1559 282 1596 vidit
313 1572 411 1609 opus
441 1558 552 1607 illud,
582 1558 677 1610 quid
700 1558 877 1608 impedit,
898 1559 1119 1626 quominus
1139 1557 1224 1608 ipse
1245 1570 1406 1626 quoque
1425 1558 1547 1597 fuerit
1565 1557 1671 1597 inter
1689 1558 1779 1597 illos
1799 1552 1968 1609 συχνοῦς

181 1618 263 1659 τοῖς
307 1613 399 1664 περὶ
431 1611 501 1664 τὴν
532 1612 811 1666 ἀρχαιολογίαν
841 1609 909 1653 ὕπ’
939 1612 1037 1664 ἐμοῦ
1066 1614 1348 1667 γεγραμμένοις
1377 1610 1664 1662 ἆπιστοῦντας;
1694 1614 1809 1668 (ibid.
1843 1618 1878 1664 1,
1912 1611 1968 1669 1).

182 1685 205 1709 a
235 1673 485 1721 perlegendis
527 1677 657 1710 autem
690 1672 806 1710 LXX
837 1672 1124 1723 interpretibus
1165 1685 1253 1711 eum
1284 1685 1378 1710 sane
1417 1671 1611 1722 repellere
1641 1672 1811 1711 debebat
1837 1671 1967 1724 ipsum

183 1729 351 1768 Graeco-
354 1729 580 1767 hebraicum
613 1729 808 1768 scribendi
841 1742 966 1778 genus
995 1735 1036 1768 et
1066 1730 1169 1782 quod
1207 1728 1533 1779 explanatoribus
1562 1741 1723 1780 prorsus
1754 1729 1969 1769 destitutus

183 1788 372 1838 pleraque
410 1786 635 1835 intelligere
673 1786 877 1838 nequibat.
919 1810 975 1816 ——
1012 1786 1175 1824 ludaeos
1207 1787 1321 1824 Creta
1354 1810 1409 1816 —
1434 1785 1643 1839 profugos]
1675 1786 1797 1826 Hunc
1831 1786 1971 1837 μῦθον

184 1849 374 1881 memorat
404 1842 561 1882 Tacitus
592 1843 709 1882 solus.
770 1844 881 1893 origo
923 1844 1009 1882 eius
1050 1844 1278 1896 quaerenda
1313 1844 1355 1881 in
1386 1843 1545 1894 populis
1576 1843 1685 1882 Creta·
1708 1846 1751 1883 et
1779 1842 1883 1882 Plen‘
1924 1847 1971 1882 ut

185 1914 288 1938 nuuc
320 1901 499 1952 plerique
530 1900 720 1947 scribunt,
752 1901 818 1938 alii
852 1901 987 1939 Cretlu'
1003 1906 1044 1940 et
1063 1898 1205 1953 Pteme)
1236 1900 1404 1951 primum
1435 1900 1662 1940 memoratis
1690 1900 1748 1939 IL
1777 1899 1948 1940 Samus·

188 1960 223 2002 8,
259 1959 330 2002 18;
363 1965 456 1996 sunt
486 1965 615 1996 autem
642 1958 708 1996 isti
730 1958 866 1997 Cretes
886 1962 927 1997 et
947 1958 1169 2004 Philistaei,
1200 1956 1245 1997 ut
1273 1970 1347 1996 nos
1377 1958 1493 1996 docet
1521 1957 1670 1996 amicus
1699 1971 1810 1997 meus
1829 1954 1972 2008 Hiuig

190 2014 463 2063 Urgeschiclite
503 2015 583 2052 und
612 2015 852 2065 Mylhologie
881 2014 949 2053 der
978 2014 1200 2053 Phili-emer.
1243 2016 1410 2067 Leipzig
1443 2017 1565 2053 1845.
1605 2027 1644 2065 p.
1677 2015 1742 2056 17.
1800 2014 1843 2054 hi
1873 2026 1970 2055 vero

184 2072 333 2118 Cretes,
375 2073 691 2124 quandocunque
731 2071 772 2110 in
805 2073 926 2110 Asiae
965 2072 1233 2111 continentem
1275 2072 1560 2121 immigrant,
1599 2084 1816 2125 eorumque
1848 2070 1970 2112 vicini

186 2128 390 2166 Philistaei
432 2130 536 2168 inter
576 2129 761 2167 Iudaeam
804 2142 849 2167 ac
891 2130 1119 2168 Phoenicen
1169 2128 1395 2168 habitantes
1442 2128 1664 2179 iunguntur
1705 2129 1824 2168 etiam
1865 2128 1970 2180 apud

187 2185 435 2224 Ezechielem
459 2189 527 2232 25,
562 2189 611 2224 16
634 2192 674 2225 et
693 2186 933 2236 Sophoniam
967 2190 1004 2234 2,
1037 2189 1083 2225 5:
1116 2186 1254 2224 Cretim
1286 2191 1328 2225 et
1355 2185 1551 2232 Ρσὶὼιιίης
1584 2185 1716 2236 priore
1746 2186 1832 2226 loco
1851 2184 1973 2225 LXX

187 2243 342 2280 versio:
374 2240 643 2293 ἐξολεθρεύσω
672 2243 845 2293 Κρῆτας,
875 2241 941 2281 καὶ
974 2239 1112 2281 ἀπολῶ
1142 2238 1237 2288 τούς
1268 2241 1533 2288 καταλοίπους
1563 2239 1657 2288 τούς
1685 2243 1974 2289 κατοικοῦντας

186 2295 257 2345 τὴν
288 2300 498 2347 παραλίαν·
530 2300 654 2339 altero
684 2297 871 2351 πάροικοι
906 2301 1074 2350 Κρητῶν
1104 2323 1158 2328 -
1185 2297 1362 2349 Χαναᾶν,
1390 2300 1442 2351 γῆ
1471 2294 1716 2349 ἀλλοφύλων.
1773 2299 1973 2340 Beckeri:

187 2357 279 2401 Hui,
316 2357 373 2394 W
373 2356 492 2394 ohne-r
521 2358 586 2395 des
617 2357 769 2395 Str-icles
808 2371 867 2395 am
899 2358 1042 2404 Meere,
1087 2358 1127 2395 V
1125 2357 1189 2395 olk
1225 2358 1294 2395 der
1325 2357 1500 2395 metim!
1537 2358 1626 2395 Das
1658 2356 1779 2395 Wort
1806 2355 1974 2395 leston-s

187 2414 279 2449 iiber
300 2415 409 2458 euch,
435 2415 544 2451 Lana
563 2416 632 2451 der
652 2414 886 2452 philistea!
926 2415 967 2453 hi
989 2419 1119 2453 autem
1143 2414 1359 2454 Bibliorum
1381 2413 1518 2454 Cretes
1537 2413 1728 2454 videntur
1746 2413 1975 2454 Eteoorem

188 2466 460 2520 (αὐτόχθονες,
491 2469 717 2523 indigenae)
749 2471 912 2510 Homeri
935 2472 1008 2511 Od.
1035 2486 1068 2519 t,
1103 2472 1195 2511 176.
1228 2470 1344 2510 Diod.
1375 2474 1412 2519 5,
1444 2474 1510 2509 64.
1570 2472 1643 2511 hos
1672 2483 1767 2510 vero
1797 2469 1973 2510 eiusdem

189 2527 324 2576 stirpis
359 2540 443 2565 cum
479 2528 745 2567 Phoenicibus
787 2529 909 2567 fuisse
949 2529 1165 2568 arbitratur
1197 2528 1342 2567 Mfiuer
1371 2541 1411 2580 p.
1443 2530 1537 2567 946.
1596 2526 1720 2581 (quod
1750 2540 1847 2568 vero
1877 2526 1976 2567 dicit

189 2584 332 2621 Miillcr
363 2598 401 2635 p.
434 2586 529 2632 947,
575 2586 828 2624 Polemonem
868 2587 1022 2625 tradere
1054 2586 1201 2637 Libyes
1241 2597 1326 2624 esse
1356 2585 1503 2634 Cretes,
1544 2589 1674 2625 ortum
1704 2588 1766 2626 est
1793 2597 1846 2624 ex
1874 2583 1974 2624 falsa

189 2639 357 2678 lectione
398 2642 457 2679 ed.
502 2642 658 2680 Franzii
704 2656 740 2693 p.
782 2647 877 2681 184:
918 2640 960 2681 οἱ
998 2639 1068 2691 μὲν
1107 2641 1259 2692 Λίβυες
1297 2639 1503 2691 Αἰθίοψιν
1543 2637 1699 2692 opocen·
1741 2639 1785 2681 οἱ
1819 2637 1860 2680 δ’
1899 2637 1972 2680 εἰσὶ

194 2696 362 2745 Κρῆτες·
401 2698 468 2735 ubi
501 2700 719 2738 necessario
751 2700 1036 2739 restituendum
1069 2712 1120 2738 ex
1154 2699 1393 2739 Adamantio
1423 2711 1461 2750 p.
1493 2701 1603 2738 411:
1643 2696 1686 2737 οἱ
1721 2694 1793 2749 μὲν
1822 2696 1975 2750 Λίβυες

193 2749 447 2798 Αἰθίοψιν”
425 2766 577 2803 ομοιοι·
614 2754 655 2793 οἱ
682 2753 723 2794 δὲ
746 2752 908 2808 Ἴβηρες
941 2755 1135 2809 Κελτοῖς.)
1193 2758 1240 2795 cf.
1273 2757 1389 2795 etiam
1414 2756 1530 2796 Book
1556 2757 1674 2796 Krela
1697 2755 1775 2796 ΠΙ.
1805 2769 1845 2808 Ρ.
1874 2752 1973 2795 411.

308 2811 553 2850 Novissimus
594 2814 711 2851 etism
753 2814 889 2852 harum
929 2814 1126 2863 originum
1166 2813 1439 2862 investigator,
1475 2813 1581 2852 Rath
1619 2816 1682 2851 die
1711 2809 1974 2864 Awu'sekae

190 2868 267 2904 und
294 2868 354 2905 dte
379 2869 671 2907 Zoroastrische
693 2870 1005 2909 Glaubenslehre.
1059 2870 1276 2909 Mannleeim
1303 2873 1423 2909 1846.
1473 2870 1598 2908 ΝοΙεη
1627 2883 1667 2922 p.
1692 2872 1731 2909 5.
1760 2867 1972 2909 bibliorum

198 2926 303 2960 Crete
332 2931 372 2963 et
402 2925 502 2963 Pleu
529 2939 600 2976 pro
631 2927 804 2966 eiusdem
837 2929 967 2977 gentis
987 2929 1148 2966 nomine
1167 2928 1298 2977 habet,
1329 2933 1450 2980 atque
1479 2927 1577 2966 adeo
1607 2939 1707 2966 unos
1736 2925 1975 2978 eosdemque

192 2981 311 3018 fuisse
354 2987 468 3031 putat
507 2992 625 3035 atque
661 2984 807 3031 Cretes,
849 2986 978 3031 Cares,
1019 2984 1266 3032 Philistaeos,
1307 2985 1540 3032 Phoenices,
1582 2983 1781 3033 Pelasgos,
1823 2982 1973 3035 quippe

192 3051 292 3088 quae
333 3040 524 3077 vocabula
564 3041 695 3079 omnis
735 3042 962 3091 significent
989 3042 1201 3094 fugitivos,
1246 3041 1414 3087 exsules,
1459 3042 1529 3093 qui
1562 3042 1819 3090 ene'graerune.
1881 3038 1973 3078 dein

193 3106 229 3142 p.
278 3097 339 3134 13.
369 3095 492 3134 Taciti
536 3097 663 3135 locum
703 3099 760 3136 sic
798 3099 995 3138 illustrare
1032 3103 1221 3138 conatur:
1262 3098 1317 3135 Es
1356 3110 1457 3136 mass
1495 3109 1547 3135 zu
1585 3096 1725 3147 irgend
1751 3097 1857 3135 eilm-
1885 3096 1976 3135 ΖαῚ

193 3154 252 3187 em
289 3164 393 3198 ganz
399 3166 439 3188 er
479 3154 745 3201 phiinizo‘scleer
795 3155 1048 3193 Volkmomm
1090 3161 1129 3193 ἐπ
1168 3155 1230 3193 die
1271 3154 1528 3204 ausgedehnte
1566 3152 1860 3192 Rr'lslenureeke
1901 3164 1973 3191 von

195 3206 290 3243 vaor
279 3208 370 3258 lasr
350 3208 434 3246 raka
466 3212 757 3258 ausgewandert
774 3216 869 3250 sein.
935 3213 1130 3250 Genauere
1149 3211 1411 3250 Nae-artemon
1427 3209 1566 3261 finden
1586 3210 1668 3248 nete
1690 3208 1785 3248 iiber
1804 3211 1888 3249 eiu
1901 3221 1974 3261 30-

192 3264 445 3301 sche'cheleche
479 3266 730 3315 Begebenhei!
759 3280 829 3306 aus
857 3282 899 3306 so
920 3268 1070 3321 sriileer·
1095 3269 1181 3306 Zeu
1210 3268 1272 3306 ben
1286 3267 1356 3306 den
1373 3266 1642 3318 [Γοθολία-ὤεα
1667 3267 1747 3305 und
1762 3265 1973 3305 romiseans·

195 3319 477 3373 Schrtslslellet
478 3336 501 3359 n
534 3323 601 3373 beg
605 3325 799 3377 retflecher
831 3325 889 3364 W
886 3339 962 3363 etse
991 3325 1111 3372 nieht,
1146 3325 1234 3363 weil
1260 3324 1348 3363 chre
1375 3326 1507 3375 ee‘gene
1538 3323 1759 3362 (iere-hicme
1776 3322 1870 3377 sas!
1893 3327 1979 3362 eret
2049 3318 2052 3322 ’
