2176 3672
205 223 290 269 572
376 222 644 268 CORNELII
672 221 861 266 TACITI
889 220 1282 266 HISTORIARUM
1311 219 1418 266 LIB.
1447 220 1499 265 V.
1542 220 1665 267 Exc.
1698 222 1775 266 AD
1804 223 1848 268 C.
1880 219 1948 267 26.

205 340 247 379 in
277 341 491 388 Augsburg
529 335 665 390 1881).
685 361 740 367 —
766 338 1022 377 Thraecam-t.-
1054 338 1108 378 Oe
1138 351 1215 392 que
1235 337 1369 377 Tacite
1398 337 1457 377 dit
1485 338 1553 377 des
1572 337 1677 377 Juifs
1701 350 1752 377 au
1782 351 1979 379 commn-

206 402 423 436 cemement
452 397 503 434 du
533 395 634 435 livre
664 395 711 434 V.
742 395 812 435 des
842 394 1039 434 Histoires
1069 395 1223 446 (Bevus
1258 391 1443 434 d’etndoe
1472 395 1602 446 juives
1632 396 1700 435 87.
1748 396 1882 445 1889).
1921 419 1978 427 --

207 454 404 493 Abraham
437 454 603 503 Gee'ger:
645 453 727 491 Das
755 452 970 491 Judentiun
1008 453 1088 492 und
1128 454 1237 492 seine
1267 451 1514 491 Gesohichte.
1575 451 1736 492 Breslan
1773 455 1891 492 1886.
1921 476 1977 484 -

207 513 250 549 Η.
284 511 426 550 muel.-
470 509 707 549 Gesohichte
733 510 803 548 der
832 509 1024 548 chffler.
1083 509 1225 556 Gotha,
1252 508 1432 556 Pet-thes,
1465 509 1588 549 1888.
1617 531 1673 538 -
1708 509 1785 548 Aa.
1821 509 1975 562 Weiss:

206 568 283 606 Die
312 567 533 607 romischen
554 566 696 606 Kaiser
727 567 804 605 und
835 567 899 605 ihr
918 566 1167 606 Verhiiltniss
1197 580 1244 605 zu
1266 566 1393 605 Juden
1425 567 1505 606 und
1529 565 1712 606 christon
1733 565 1979 620 (Prognmm

205 626 273 663 des
292 624 595 663 akademischen
618 623 896 675 Gymnasiums
915 625 957 662 in
978 624 1107 663 Wien.
1130 624 1161 663 I.
1186 626 1307 663 1882.
1328 623 1383 662 11.
1410 622 1547 674 1888.)
1562 645 1616 653 --
1640 624 1682 662 J.
1703 623 1976 664 Wellhaenoen:

208 682 491 731 Prolegomena
510 693 581 720 zur
601 681 836 720 Geschiohte
858 680 1014 721 Isracls.
1073 680 1220 728 Berlin,
1244 681 1403 720 Reimer
1426 683 1545 720 1888.
1568 702 1622 710 —
1656 681 1762 720 Emi!
1780 680 1977 721 seniis-ur.-

204 739 437 778 Gescbichte
468 739 536 777 des
567 738 776 788 jiidischen
800 738 948 777 Volkes
968 738 1020 776 im
1040 738 1228 777 Zeitalter
1246 738 1343 777 Jesu
1362 737 1524 777 Christi.
1584 738 1762 789 Leipzig,
1791 737 1982 779 Eius-ich·

213 799 327 834 1888.
359 817 416 824 —--
448 795 652 834 Bernhard
679 795 821 833 Smde:
855 795 1091 835 Geschichte
1122 795 1190 834 des
1221 795 1370 834 Volkes
1400 795 1534 834 Israel.
1595 795 1742 844 Berlin,
1771 794 1904 846 Grote.
1922 816 1980 825 -·

204 855 257 891 A.
283 853 504 891 Hausrath:
529 852 936 892 Neutestamentliche
957 852 1285 902 Zeitgeschichte.
1312 874 1363 881 —
1385 852 1572 892 Remhotd
1591 852 1799 891 nolu-ient.-
1831 846 1980 892 Biblio-

204 911 320 949 theca
348 910 620 962 Geographica
649 909 908 949 Palaestinae.
969 909 1115 956 Berlin,
1157 909 1335 948 Reuther
1371 909 1455 948 und
1485 909 1693 949 Beichard.
1734 932 1789 939 —
1829 909 1977 948 Gamo.-

206 969 517 1016 Ausgrabungen
557 968 617 1005 bei
658 966 888 1006 Jerusalem.
949 967 1135 1017 Leipzig,
1166 966 1349 1006 Bffleker
1393 968 1515 1006 1888.
1558 989 1614 996 -
1655 967 1725 1005 W.
1760 967 1859 1006 Lots
1899 966 1980 1006 und

205 1024 511 1062 Steinschnev'der
525 1039 537 1061 .-
571 1024 703 1063 Ueber
732 1024 794 1062 die
823 1024 951 1063 Juden
981 1023 1034 1062 im
1067 1023 1262 1063 Altertum
1293 1023 1607 1074 (Jahresbericht
1635 1024 1704 1063 der
1733 1023 1982 1064 Goschichts-

204 1082 476 1121 wissenschaft
513 1095 590 1120 von
631 1082 669 1121 J.
700 1080 905 1119 Hermann
947 1082 1026 1119 und
1063 1081 1098 1120 J.
1128 1081 1311 1121 Jastrow.
1343 1084 1380 1121 6.
1408 1080 1611 1131 Jahrgang
1654 1084 1774 1121 1888.
1835 1080 1980 1129 Berlin,

203 1140 249 1178 R.
281 1138 451 1178 Gfirtner
484 1139 623 1190 1888).

945 1193 968 1218 *
1273 1192 1296 1218 *

1109 1223 1132 1248 *

319 1277 376 1314 Ad
408 1276 501 1325 Cap.
535 1279 605 1316 26.
634 1276 675 1314 in
709 1275 873 1314 Henrioi
906 1275 1183 1326 Cannegieteri
1206 1275 1496 1315 Dissertatione
1525 1276 1573 1314 de
1599 1275 1878 1325 Brittenburgo
1907 1279 1983 1316 oet.

203 1333 557 1383 Regae-Comitum
595 1333 714 1373 1784.
745 1347 784 1384 p.
817 1337 854 1371 3.
886 1333 1040 1385 repperi
1071 1333 1240 1372 certiora
1269 1333 1459 1386 quaedam
1491 1333 1539 1371 de
1567 1332 1731 1372 Colino:
1772 1332 1984 1372 ›Nicolans

203 1390 364 1429 colinus
380 1391 421 1430 in
435 1391 630 1430 Chronico
646 1390 885 1442 rhythmico,
901 1390 1005 1444 quod
1019 1390 1175 1429 saeculo
1191 1390 1422 1430 duodecimo
1434 1389 1624 1442 scriptum
1641 1390 1744 1429 hand
1761 1390 1818 1429 ita
1830 1389 1982 1440 pridem

203 1447 326 1487 edidit
358 1449 582 1487 Gerhardus
613 1448 798 1495 Dumbar‚
829 1447 1028 1499 praeclare
1058 1460 1185 1499 nuper
1218 1447 1266 1485 de
1297 1447 1514 1486 Daventria
1542 1447 1670 1498 patria
1709 1459 1780 1485 sua
1807 1446 1982 1494 meritus,

205 1506 524 1554 Brittenburgum
570 1504 688 1544 etiam
718 1505 905 1545 Romanis
933 1505 1122 1544 vindicat.
1154 1528 1207 1534 —
1234 1528 1288 1534 —
1309 1509 1419 1543 tanto
1448 1508 1579 1543 autem
1611 1503 1734 1542 maior
1762 1501 1862 1543 fids·
1889 1501 1984 1542 hnic

205 1562 352 1600 homini
396 1563 589 1609 habenda,
634 1563 860 1615 quicunque
887 1561 956 1600 ille
986 1562 1074 1610 fuit,
1104 1565 1252 1615 quanto
1286 1561 1487 1614 antiquior
1507 1565 1549 1600 et
1570 1560 1647 1599 fide
1677 1558 1986 1621 integritateque

201 1620 476 1669 praestantior.
537 1619 637 1657 nihil
680 1619 784 1657 enim
827 1631 868 1657 se
909 1619 1067 1669 scriptis
1105 1618 1339 1667 consignare
1378 1617 1486 1667 dicit,
1526 1617 1601 1656 nisi
1647 1617 1753 1670 quod
1782 1629 1836 1656 ex
1863 1610 1983 1656 certi·

202 1677 467 1715 monumentis
516 1681 774 1726 cognoverat,
837 1676 1068 1727 proscriptis
1116 1675 1352 1728 reiectisque
1399 1674 1713 1740 prodigiosarum
1761 1673 1983 1713 fabularum

202 1734 399 1780 monstris,
431 1734 574 1786 quibus
595 1739 813 1773 ceterorum
836 1733 1120 1773 Chronioorum
1142 1732 1402 1772 sarcinatores
1421 1731 1586 1770 nimium
1608 1730 1831 1781 indulgent.
1859 1729 1981 1770 imm‘o

205 1804 251 1829 eo
283 1796 460 1841 tempore
492 1791 608 1838 vixit,
639 1804 717 1843 quo
747 1790 788 1829 in
821 1790 1059 1830 monasterio
1093 1790 1348 1839 Egmondano
1378 1789 1591 1828 exstabant
1617 1788 1747 1839 prisca
1765 1786 1982 1828 Baulorum

202 1849 385 1894 carmina,
409 1849 512 1901 quod
535 1861 655 1887 unum
672 1848 774 1898 apud
792 1847 1017 1891 Germanos.
1040 1851 1086 1886 ut
1105 1846 1243 1886 scribit
1258 1845 1419 1886 Tacitus
1438 1846 1487 1885 de
1508 1845 1682 1885 moribus
1697 1844 1982 1885 Germanorum

202 1919 233 1944 c.
266 1905 324 1953 ΙΙ,
353 1906 452 1944 addo
484 1905 602 1944 etiam
632 1906 734 1956 apud
766 1904 900 1944 Gallos
928 1904 1152 1957 plerosque,
1183 1903 1394 1943 memoriae
1424 1907 1465 1942 et
1495 1901 1711 1942 Annalium
1741 1915 1866 1953 genus
1893 1901 1984 1943 fuit.

207 1963 262 2001 ita
292 1975 461 2015 namque
492 1962 654 2001 Colinus
694 1963 734 2000 in
775 1962 862 2001 loco
901 1961 1082 2001 mutilato
1113 1975 1149 2012 p.
1182 1963 1277 2008 252,
1318 1960 1377 2000 sic
1416 1965 1547 2000 tamen
1588 1959 1781 2007 mutilato,
1821 1965 1867 1999 ut
1899 1957 1983 2007 ins,

201 2032 317 2072 quam
349 2020 445 2066 dixi,
477 2020 677 2058 sententia
708 2019 992 2070 perspiciatur:

747 2089 808 2126 E'n
840 2089 873 2125 ti
902 2087 1050 2126 Bar-den
1082 2089 1226 2126 moiun
1257 2087 1365 2125 lezen

751 2145 801 2183 Ti
826 2158 904 2195 neg
934 2145 1086 2183 over-ich
1118 2144 1237 2183 haben
1266 2156 1395 2182 mezen

748 2203 878 2241 Minen
909 2202 1064 2255 daghen
1094 2202 1232 2240 binnen
1262 2200 1504 2251 Hegmonden

750 2259 911 2298 Zolcltes
941 2258 1015 2297 hab
1044 2260 1079 2298 ie
1109 2273 1156 2298 zo
1187 2257 1390 2297 hevonden.

203 2340 318 2380 quam
351 2326 505 2375 vellem,
547 2327 665 2366 etiam
697 2327 822 2367 Taciti
853 2328 1051 2367 Historias
1090 2327 1289 2377 pleniores
1317 2325 1523 2366 habuisset
1550 2325 1724 2374 colinus,
1763 2338 1882 2379 quam
1912 2338 1985 2365 nos

203 2385 321 2423 hodie
342 2385 544 2433 habemus,
577 2385 715 2423 saltem
738 2385 778 2423 in
801 2385 869 2424 illo
891 2385 991 2433 loco,
1016 2385 1057 2424 in
1079 2397 1158 2437 quo
1179 2385 1213 2423 is
1233 2382 1372 2423 Civilis
1392 2389 1557 2423 conatus
1575 2383 1766 2423 adversus
1786 2383 1986 2424 &manos

202 2449 349 2480 narrat.
408 2442 448 2480 in
481 2455 526 2480 ea
556 2442 661 2480 enim
693 2454 810 2481 cansa
849 2442 996 2482 desinit
1024 2441 1186 2481 Colinus
1216 2454 1278 2480 res
1309 2446 1439 2490 gestas
1468 2439 1606 2479 Civilis
1643 2452 1876 2486 memorans,
1914 2439 1983 2479 ubi

203 2499 320 2537 hodie
339 2498 463 2538 Taciti
488 2498 690 2537 Historiae
721 2499 920 2547 desinunt,
951 2499 990 2537 id
1022 2507 1094 2546 est,
1122 2499 1163 2537 in
1186 2497 1384 2551 colloquio
1413 2498 1520 2536 inter
1539 2496 1704 2536 Civilem
1731 2501 1773 2536 et
1791 2496 1981 2536 Cerialem

205 2556 254 2594 de
284 2568 380 2606 pace
411 2556 450 2593 in
483 2562 603 2606 ponte
634 2556 835 2604 Nabaliae,
867 2556 963 2605 sive,
994 2562 1039 2595 ut
1067 2555 1224 2595 Tacitus
1254 2554 1403 2603 scribit,
1434 2554 1481 2593 ad
1511 2554 1678 2594 recisum
1708 2560 1868 2604 pontem
1898 2553 1985 2593 eina

203 2612 341 2651 amnis.
413 2626 514 2665 quae
554 2627 618 2651 res
659 2613 806 2653 indicio
850 2622 921 2660 est,
960 2618 1029 2653 aut
1066 2613 1193 2664 ipsum
1236 2612 1413 2652 Tacitum
1453 2624 1553 2663 opus
1597 2612 1670 2651 boc
1710 2611 1983 2662 imperflsotnm

205 2669 437 2722 reliquium
473 2669 566 2721 (hoo
596 2676 702 2709 certe
744 2684 859 2710 nemo
888 2672 965 2709 iam
1004 2668 1177 2722 putabit)
1223 2675 1316 2709 »aut
1346 2668 1473 2709 Oolini
1515 2674 1644 2708 aetate
1683 2668 1788 2707 illam
1830 2672 1983 2719 parte-

204 2726 280 2764 iam
313 2726 535 2773 interiisse3
567 2728 606 2765 in
636 2728 743 2766 hunc
773 2741 943 2781 namque
973 2729 1128 2767 modum
1161 2728 1224 2766 hio
1252 2726 1521 2766 versificator:

840 2796 895 2833 Zo
925 2795 992 2834 dat
1022 2802 1057 2834 te
1087 2796 1184 2833 male

754 2853 814 2905 Op
844 2852 906 2891 die
935 2853 1084 2902 brugge
1113 2865 1185 2891 vem
1214 2852 1275 2890 de'e
1303 2852 1534 2891 Nau-Wala-

752 2911 810 2948 W
810 2916 875 2948 ur!
899 2910 1109 2959 gedamge!
1142 2922 1215 2948 van
1245 2910 1319 2947 den
1341 2921 1483 2960 pepe,-

753 2967 877 3006 Waer
906 2967 955 3016 hy
984 2965 1098 3019 mars
1118 2980 1164 3005 en
1196 2979 1245 3017 op
1275 2972 1352 3003 wat
1380 2978 1508 3015 weyze

752 3024 855 3061 Adel
882 3024 1002 3062 Greve
1033 3023 1179 3062 Glande
1210 3023 1415 3061 Scae-velen

750 3082 841 3118 Vin!
869 3082 912 3119 ἐι·
943 3082 982 3119 m'
1014 3083 1053 3118 in
1081 3093 1200 3131 geene
1228 3080 1380 3118 delens

546 3317 763 3342 ''munuscu-
784 3317 990 3343 uatbdraeksm
1009 3316 1199 3348 (nor-n·
1217 3315 1339 3347 Pone)
1355 3316 1384 3341 tn
1401 3314 1477 3341 Sena.
1497 3327 1530 3333 —
1548 3314 1613 3341 nui
