2176 3672
709 244 883 287 LIBER
910 243 943 286 1.
1003 242 1104 297 Cap.
1135 243 1203 286 44.
1234 241 1302 286 45,
1332 242 1400 285 46.
1860 239 1943 284 267

165 361 328 404 iussum
357 363 402 404 et
428 359 612 403 maiores
639 371 799 413 poenas
830 358 1031 400 daturum
1061 356 1290 400 adfirmans
1319 357 1535 411 praesenti
1556 356 1685 399 exitio
1716 354 1942 398 subtraxit.

168 440 262 496 (46)
292 441 435 495 omnia
462 439 617 482 deinde
642 432 823 480 arbitrio
853 437 1037 480 militum
1066 440 1175 479 acta.
1222 438 1429 491 praetorii
1458 435 1699 491 praefectos
1740 435 1822 478 sibi
1859 435 1944 489 ipsi

166 520 321 575 legere,
349 519 535 563 Plotium
564 518 753 561 Firmum
784 530 807 559 e
834 516 1173 570 manipularibus
1203 518 1438 571 quondam,
1467 519 1559 559 tum
1589 515 1790 570 vigilibus
1818 527 1943 569 prae-

166 601 354 655 positum
392 602 436 642 et
463 597 663 641 incolumi
693 597 833 640 adhuc
863 596 1003 639 Galba
1039 600 1187 650 partes
1219 597 1400 639 Othonis
1440 599 1652 648 secutum;
1696 595 1947 649 adiungitur

166 679 356 723 Licinius
384 677 614 731 Proculus,
654 678 805 720 intima
843 676 1138 719 familiaritate
1168 677 1349 719 Othonis
1389 678 1614 730 suspectus
1645 675 1823 718 consilia
1852 675 1944 718 eius
1980 684 2001 716 5

165 758 334 802 fovisse.
381 757 478 801 urbi
506 757 699 800 Flavium
731 756 931 800 Sabinum
962 756 1206 810 praefecere
1234 757 1438 799 iudicium
1466 755 1649 798 Neronis
1678 756 1833 808 secuti,
1864 754 1941 798 sub

166 851 251 894 quo
289 839 466 882 eandem
505 850 650 881 curam
689 837 955 890 obtinuerat,
996 837 1212 891 plerisque
1239 836 1550 890 Vespasianum
1589 834 1767 878 fratrem
1809 835 1851 877 in
1892 847 1942 877 eo

165 917 502 973 respicientibus.
547 916 807 971 flagitatum,
846 921 896 959 ut
924 917 1169 959 vacationes
1198 917 1412 970 praestari
1443 914 1759 959 centurionibus
1790 914 1944 957 solitae

165 999 504 1042 remitterentur:
543 1010 725 1052 namque
764 997 986 1051 gregarius
1025 997 1146 1039 miles
1185 1000 1235 1039 ut
1264 996 1472 1039 tributum
1503 1008 1688 1038 annuum
1716 994 1942 1049 pendebat.

167 1080 324 1133 quarta
350 1091 453 1132 pars
482 1077 688 1131 manipuli
729 1090 882 1131 sparsa
921 1090 999 1131 per
1028 1079 1288 1119 commeatus
1319 1079 1395 1119 aut
1424 1077 1467 1118 in
1497 1076 1604 1129 ipsis
1635 1075 1789 1118 castris
1819 1087 1944 1128 vaga,
1957 1086 2000 1117 10

167 1157 268 1200 dum
287 1158 523 1201 mercedem
544 1158 781 1200 centurioni
796 1157 1022 1209 exolveret‚
1052 1169 1188 1211 neque
1208 1157 1381 1199 modum
1402 1156 1542 1198 oneris
1562 1156 1787 1210 quisquam
1806 1167 1943 1209 neque

167 1249 300 1292 genus
338 1241 543 1292 quaestus
580 1238 702 1291 pensi
740 1236 946 1280 habebat:
988 1250 1065 1291 per
1102 1237 1327 1279 latrocinia
1357 1239 1400 1279 et
1428 1239 1581 1290 raptus
1612 1239 1689 1278 aut
1717 1235 1942 1278 servilibus

166 1317 413 1360 ministeriis
442 1317 628 1360 militare
649 1317 784 1359 otium
813 1316 1087 1359 redimebant.
1119 1320 1211 1359 tum
1234 1316 1594 1370 locupletissimus
1619 1316 1798 1370 quisque
1820 1315 1942 1358 miles

166 1396 312 1440 labore
340 1409 391 1440 ac
419 1397 600 1439 saevitia
627 1396 816 1450 fatigari,
846 1397 980 1439 donec
1001 1397 1266 1439 vacationem
1295 1400 1464 1439 emeret.
1495 1395 1569 1438 ubi
1599 1395 1840 1449 sumptibus
1871 1408 1941 1438 ex-

166 1476 347 1519 haustus
386 1477 584 1520 socordia
621 1477 796 1530 insuper
835 1476 1105 1531 elanguerat,
1146 1477 1269 1530 inops
1298 1489 1378 1530 pro
1407 1476 1620 1530 locuplete
1649 1479 1692 1518 et
1720 1476 1833 1518 iners
1863 1488 1942 1529 pro
1956 1487 1998 1518 15

165 1559 340 1600 strenuo
369 1557 413 1599 in
442 1556 704 1611 manipulum
733 1556 921 1610 redibat3
969 1569 1020 1599 ac
1048 1569 1199 1599 rursus
1230 1557 1339 1599 alius
1370 1560 1499 1611 atque
1528 1556 1638 1599 alius
1668 1556 1816 1598 eadem
1845 1568 1941 1610 ege-

164 1639 279 1680 state
307 1649 358 1680 ac
385 1636 558 1680 licentia
587 1637 779 1691 corrupti
816 1638 873 1680 ad
910 1637 1139 1680 seditiones
1177 1640 1221 1679 et
1260 1637 1498 1680 discordias
1539 1640 1583 1680 et
1622 1637 1679 1679 ad
1708 1639 1941 1679 extremum

1836 1786 1939 1817 exilio

1800 1834 1839 1863 11
1867 1842 1942 1863 cen-

1506 1882 1548 1911 14
1574 1878 1721 1922 ualtione
1746 1876 1802 1921 (ua
1824 1879 1941 1918 influe

257 1788 274 1818 1
300 1796 403 1827 penas
471 1786 638 1826 praesenti
662 1786 689 1816 ti
713 1785 850 1827 (poster.
876 1786 902 1816 ti
928 1785 988 1817 del.
1010 1788 1069 1824 lm,
1095 1785 1155 1816 sed
1175 1787 1232 1824 ita,
1256 1791 1291 1817 ut
1313 1791 1436 1817 tantum
1460 1786 1521 1817 litt.
1546 1790 1560 1817 t
1584 1786 1686 1817 deleta
1711 1785 1765 1828 sit)

165 1833 186 1864 5
210 1836 366 1872 suspecta
435 1834 455 1864 6
479 1832 599 1863 sanim-1
668 1832 688 1862 9
705 1833 821 1872 Nanq3
887 1833 929 1863 10
952 1833 1116 1872 manipuli
1133 1842 1249 1872 sparsa
1264 1832 1422 1863 Pichena:
1438 1833 1616 1873 manipulis
1631 1858 1638 1865 .
1650 1842 1728 1873 pars

164 1878 461 1909 turionisxolueret
484 1877 515 1919 (s
537 1879 572 1908 in
595 1888 613 1908 e
636 1882 711 1908 mut.
737 1876 801 1921 lm)
885 1880 927 1909 12
961 1881 1097 1918 questus
1121 1881 1244 1918 (notam
1267 1879 1328 1910 del.
1358 1882 1422 1919 lm)

155 1922 313 1968 μρωιαε)
383 1926 426 1956 15
451 1923 598 1964 insuper]
625 1924 678 1955 ins
702 1923 785 1967 (eum
808 1924 927 1955 lineola
951 1929 1085 1955 curvata
1109 1924 1143 1955 in
1167 1925 1227 1955 litt.
1254 1923 1283 1966 s)

165 2062 207 2100 3,
232 2061 296 2100 39,
321 2062 361 2093 5:
396 2061 499 2100 ipsum
524 2070 645 2100 quoque
667 2061 833 2102 impetum,
857 2072 946 2101 quem
969 2073 1032 2094 non
1067 2062 1228 2093 redimere
1252 2062 1406 2094 solebant
1428 2062 1570 2101 milites,
1595 2063 1652 2101 qui
1678 2062 1812 2102 quidem
1838 2062 1939 2093 habe-

164 2117 263 2148 audet
283 2117 402 2156 lenire,
424 2117 548 2156 fallet:
581 2118 750 2149 removebit
772 2119 879 2149 omnia
902 2119 1033 2150 ultionis
1067 2118 1160 2158 bant,
1185 2119 1273 2150 unde
1294 2119 1938 2158 possent.ef.Ann.1,1'1.szm‹.

163 2174 380 2206 matr-muta.
404 2175 576 2212 mdabat,
587 2175 704 2214 inquit,
715 2176 810 2215 iram,
822 2181 1032 2215 numnquam
1068 2176 1153 2216 dum]
1180 2185 1240 2216 pro
1266 2176 1442 2214 dummodo,
1468 2180 1505 2207 ut
1522 2185 1630 2216 saepe.
1678 2177 1765 2206 Male
1782 2176 1938 2206 nonnulli

163 2231 295 2263 adiutor
323 2236 354 2262 et
376 2232 497 2263 doloris
527 2242 628 2263 comes
654 2233 733 2272 plue
765 2234 966 2264 auctoritatis
997 2235 1032 2264 in
1047 2202 1052 2255 ι
1068 2237 1269 2273 acceperunt
1291 2243 1351 2273 pro
1368 2233 1476 2264 donec
1503 2250 1548 2255 —
1566 2233 1660 2273 pensi
1674 2232 1857 2273 habebatJ,
1861 2234 1936 2273 ,Ne-

163 2289 305 2320 omm‘liia
319 2288 445 2320 habeat.
469 2299 577 2320 moras
597 2294 705 2327 nectet,
729 2294 759 2320 et
782 2290 856 2321 dum
878 2291 1031 2322 maiorem

154 2355 296 2386 poenam
317 2347 453 2385 quaerit,
470 2351 671 2386 praesentem
695 2346 828 2386 differet.
853 2348 925 2387 ipsa
949 2349 1031 2379 haec

162 2407 278 2435 nostn
300 2407 395 2442 sunt,
430 2407 464 2435 et
486 2404 606 2435 moniti
629 2404 721 2435 illius
746 2404 872 2435 clarum
895 2405 950 2436 hic
974 2415 1030 2436 ex-

163 2460 319 2500 emplum.
344 2460 502 2491 Ln‘sms.

207 2519 264 2550 46.
309 2517 446 2549 arbitrio
468 2517 614 2559 mantum]
642 2519 709 2549 Dio
735 2520 790 2558 64,
816 2521 857 2551 9:
882 2515 945 2561 τήν
970 2516 1030 2561 μὲν

164 2570 288 2618 βουλήν
310 2572 371 2607 καὶ
391 2571 448 2607 τὸν
472 2573 581 2616 δῆμον
606 2571 683 2616 παρ’
708 2569 805 2609 οὐδὲν
829 2566 914 2618 ἦγε,
950 2572 1031 2613 τούς

161 2627 201 2664 δὲ
225 2627 436 2672 στρατιώτας
460 2629 632 2665 ἐπεπείκει
656 2629 715 2665 καὶ
738 2627 846 2670 τοῦὶΐ,
873 2627 926 2666 ὅτι
947 2628 1029 2665 dito-

161 2689 289 2720 κτεῖναι
320 2686 481 2729 Καίσαρα
518 2687 577 2721 καὶ
610 2689 751 2731 ποιῆσαι
784 2686 952 2723 δύνανται.
984 2707 1029 2712 -

160 2743 298 2775 Plotium
322 2745 476 2786 ,Bb-mum]
509 2755 537 2776 c.
555 2747 608 2778 82.
636 2748 677 2784 8,
702 2748 757 2778 46.
783 2747 837 2777 49.
864 2764 908 2769 —
941 2746 1028 2776 Ia'ci-

159 2801 232 2832 nt‘ue
266 2801 430 2843 Boculus]
468 2811 495 2833 c.
516 2804 570 2834 82.
597 2804 652 2834 87.
688 2805 730 2842 2,
756 2804 809 2834 33.
836 2805 878 2835 39
897 2813 944 2843 sq.
973 2806 1026 2834 44.

162 2858 215 2890 00.
247 2876 294 2882 -
331 2858 484 2890 Sabinum
512 2860 708 2900 praeficere]
745 2860 784 2890 Id
817 2860 906 2899 quod
940 2860 1028 2890 ultro

163 2915 362 2955 approbavit
385 2915 484 2947 otho.
530 2917 619 2948 Plut.
643 2916 684 2947 Ο.
710 2918 751 2948 5:
777 2914 855 2957 Τῆς
880 2915 919 2949 δὲ
941 2913 1029 2948 ‘Pol-

163 2980 231 3013 μης
260 2968 399 3014 φύλακα
432 2971 596 3007 Φλαούιον
628 2972 774 3016 Σαβῖνον
796 2990 841 2996 -
865 2972 1029 3014 κατέστη-

162 3035 231 3066 σαν,
253 3026 322 3062 εἴτε
345 3027 517 3063 καὶτοῦτο
539 3027 671 3071 πράξας
694 3027 750 3063 ἐπὶ
769 3027 854 3075 τιμῇ
871 3027 1029 3069 Νέρωνος

162 3080 251 3127 (παρ’
274 3082 402 3130 ἐκείνου
433 3083 498 3129 γὰρ
535 3084 670 3129 εἰληφει
693 3097 755 3127 την
780 3080 889 3129 ἀρχὴν
914 3081 933 3118 0‘
957 3085 1027 3118 Σα-

162 3140 262 3183 βῖνος,
285 3138 444 3183 ἀφείλετο
466 3140 506 3176 δὲ
529 3141 671 3187 Ιάλβας
695 3139 828 3182 αυτόν)
854 3141 921 3175 εἴτε
946 3143 1027 3183 μᾶλ-

1068 2300 1132 2329 que
1149 2291 1362 2321 centuriones
1379 2290 1541 2321 curabant
1556 2291 1691 2321 modum
1707 2291 1829 2330 oneris,
1849 2290 1939 2330 quod

1068 2348 1110 2377 ad
1135 2348 1326 2379 vacationes
1349 2347 1577 2378 concedendas
1600 2347 1765 2378 militibus
1788 2347 1936 2387 impone·

1067 2404 1160 2443 bant,
1184 2405 1244 2435 sed
1269 2408 1428 2444 quantum
1451 2405 1551 2444 pretii
1576 2405 1695 2444 cuique
1718 2403 1868 2444 libebat,
1892 2404 1935 2435 ab

1067 2461 1108 2491 iis
1130 2460 1310 2500 petebant3
1347 2471 1454 2500 neque
1477 2461 1602 2492 milites
1627 2461 1857 2500 qualecunque
1881 2470 1937 2500 ge-

1068 2528 1130 2548 nus
1166 2522 1321 2557 quaestus
1358 2519 1457 2549 etiam
1494 2518 1624 2556 illiciti,
1665 2519 1719 2548 vel
1757 2518 1935 2556 latrocinii,

1067 2575 1246 2605 dummodo
1270 2575 1462 2606 vacationes
1487 2575 1563 2605 illas
1588 2575 1808 2613 redimerent,
1845 2584 1936 2614 sper·

1068 2631 1227 2662 nebant.“
1277 2633 1467 2663 Formulam
1490 2631 1573 2662 nvait
1588 2631 1688 2671 pensi
1707 2631 1823 2661 habere
1851 2632 1938 2663 solet

1066 2698 1226 2727 usurpare
1249 2689 1444 2728 praesertim
1469 2688 1656 2720 Sallustius.
1692 2689 1735 2719 cf.
1751 2687 1936 2728 Nipperdey

1066 2745 1108 2775 ad
1132 2747 1218 2775 Ann.
1243 2747 1294 2784 13,
1316 2747 1367 2776 15.
1401 2746 1531 2785 1)νᾶ9εν·
1555 2747 1648 2784 synt.
1676 2744 1696 2784 ἓ
1715 2746 1767 2776 73.
1799 2745 1937 2777 Jacobs-

1076 2800 1157 2831 Wirz
1181 2802 1222 2832 ad
1247 2802 1326 2833 Sall.
1355 2803 1427 2834 Cat.
1454 2804 1493 2841 5,
1520 2804 1550 2833 6.
1578 2819 1622 2825 —
1658 2801 1823 2833 servilibus
1846 2803 1936 2833 mahi—

1067 2858 1182 2899 ⁸teriis]
1217 2868 1277 2898 per
1301 2859 1417 2889 domos
1440 2859 1607 2898 privatas,
1644 2868 1728 2898 quae
1752 2859 1937 2892 ministeria

1066 2915 1233 2954 aquandi,
1268 2916 1361 2954 ligna
1383 2915 1563 2954 caedendi,
1598 2914 1790 2956 baiulandi,
1815 2920 1935 2957 cetera,

1066 2972 1220 3011 ingenuis
1243 2971 1408 3002 militibus
1433 2972 1571 3011 indigna
1595 2975 1698 3002 erant.
1724 2990 1768 2996 —
1801 2978 1865 3004 etun
1887 2973 1934 3005 Ζο-

1067 3025 1309 3070 cupletissimus]
1334 3028 1507 3058 Particula
1527 3032 1592 3058 επακ
1615 3029 1789 3061 continuat
1813 3031 1934 3062 oratio-

1068 3095 1141 3116 nem
1182 3089 1399 3124 ‚„praeterea
1441 3084 1612 3123 insuperf‘
1660 3086 1748 3117 Suet.
1780 3087 1934 3119 1n1.27:

1065 3147 1129 3172 tum
1152 3150 1278 3172 reorum
1302 3145 1364 3171 etc,
1388 3141 1536 3172 wara-11.
1563 3158 1607 3165 -
1631 3142 1755 3184 emeret]
1777 3144 1852 3175 Non
1875 3153 1933 3185 po-

160 3195 213 3230 λον
237 3192 364 3230 εὔνοιαν
388 3195 594 3232 ἐνεδείκνυτο
618 3195 863 3241 Οὐεσπεσιανῷ
896 3197 953 3230 καὶ
977 3197 1027 3230 πί
1044 3184 1150 3254 {terat
1185 3201 1334 3236 repetere
1369 3208 1402 3228 v.
1439 3197 1595 3228 redimere
1633 3208 1673 3230 ac
1707 3202 1818 3232 tamen
1858 3211 1933 3232 cum

161 3261 231 3285 στιν
255 3248 367 3292 αὔξων
390 3252 547 3298 Σαβῖνον.
573 3273 618 3279 —-
650 3255 848 3295 vacationes]
874 3256 1027 3294 pecunia,
1043 3254 1197 3303 'acen-bia
1232 3254 1339 3284 ironia
1371 3254 1557 3293 significare
1582 3255 1719 3286 volebat
1741 3259 1934 3289 vacationes

160 3318 225 3347 qua
263 3310 453 3341 vacationes
497 3321 668 3342 munerum
715 3322 735 3342 a
777 3311 1026 3343 centurionibus
1043 3305 1047 3349 Ι
1065 3311 1142 3341 illas
1166 3320 1186 3341 a
1210 3310 1460 3342 centurionibus
1485 3311 1579 3351 quasi
1612 3321 1753 3344 mercem
1787 3314 1932 3354 aliquam
