2176 3672
599 257 770 302 LIBER
797 257 872 301 lv.
930 258 1031 312 Gap.
1063 258 1130 302 20.
1161 260 1228 302 21.
1259 259 1326 302 22.
1358 258 1427 302 23.
1830 257 1911 300 477

142 374 377 430 iunguntur
406 375 603 418 Bructeri
623 373 906 428 Tencterique
935 376 979 416 et
1008 373 1147 416 excita
1177 374 1335 417 nuntiis
1365 372 1595 417 Germania
1624 373 1679 416 ad
1710 373 1913 427 praedam

141 454 393 511 famamque.
454 454 546 508 (22)
567 455 773 498 adversus
802 452 882 496 has
913 452 1203 496 concurrentis
1231 453 1332 496 belli
1362 453 1498 496 minas
1527 452 1659 507 legati
1687 451 1915 506 legionum,

141 533 315 590 Munius
338 534 561 589 Lupercus
587 539 633 578 et
661 533 879 577 Numisius
898 530 1047 585 Rufus,
1077 532 1234 575 vallum
1264 545 1491 587 murosque
1521 530 1759 575 firmabant.
1817 530 1916 574 sub-

140 627 265 660 versa
303 614 455 670 longae
496 615 615 668 pacis
659 625 802 668 opera,
851 612 966 655 haud
1006 612 1154 666 procul
1193 613 1347 656 castris
1390 613 1432 655 in
1474 613 1644 655 modum
1696 610 1915 664 municipii

140 698 349 748 extructa,
378 708 433 738 ne
461 694 655 738 hostibus
684 694 782 737 usui
820 692 971 736 forent.
1031 693 1107 735 sed
1146 705 1296 747 parum
1334 694 1563 746 provisum,
1601 696 1650 735 ut
1689 691 1836 745 copiae
1874 690 1917 733 in
1930 703 1951 733 5

141 779 285 820 castra
323 775 679 819 conveherentur:
721 774 816 828 rapi
844 773 1090 827 permisere.
1149 773 1210 815 ita
1238 772 1387 826 paucis
1416 772 1566 816 diebus
1594 785 1672 826 per
1701 770 1916 815 licentiam

141 855 369 910 absumpta
387 859 502 908 sunt,
523 867 631 909 quae
652 854 859 897 adversus
878 853 1154 896 necessitates
1184 852 1227 895 in
1256 852 1430 906 longum
1458 852 1737 898 suffecissent.
1768 855 1915 899 Civilis

140 935 330 980 medium
359 947 509 989 agmen
541 946 635 978 cum
665 933 817 977 robore
837 933 1095 976 Batavorum
1125 932 1320 976 obtinens
1350 936 1574 988 utramque
1602 935 1740 979 Rheni
1768 935 1917 990 ripam,

141 1028 226 1072 quo
245 1015 526 1059 truculentior
545 1014 640 1057 visu
660 1013 785 1067 foret,
814 1012 1122 1056 Germanorum
1143 1013 1328 1056 catervis
1348 1013 1544 1067 complet,
1574 1014 1820 1058 adsultante
1840 1027 1916 1070 per

142 1108 314 1151 campos
355 1095 509 1150 equite.
569 1092 695 1137 simul
724 1105 854 1137 naves
892 1094 937 1136 in
967 1093 1193 1136 adversum
1221 1104 1386 1135 amnem
1416 1092 1662 1147 agebantur.
1721 1095 1816 1138 hinc
1846 1108 1918 1139 ve·
1932 1101 1974 1131 ¹0

142 1180 386 1221 teranarum
426 1174 663 1219 cohortium
709 1174 843 1227 signa,
881 1173 979 1216 inde
1022 1173 1299 1226 depromptae
1342 1171 1461 1215 silvis
1499 1172 1691 1228 lucisque
1729 1174 1915 1218 ferarum

142 1257 362 1312 imagines,
391 1260 441 1298 ut
460 1256 611 1310 cuique
639 1254 758 1309 genti
786 1254 894 1296 inire
923 1252 1132 1307 proelium
1161 1264 1253 1294 mos
1283 1256 1361 1305 est,
1392 1253 1522 1295 mixta
1551 1253 1650 1296 belli
1679 1253 1816 1297 civilis
1846 1266 1916 1297 ex-

143 1337 337 1392 ternique
355 1334 465 1379 facie
485 1332 857 1388 obstupefecerant
865 1332 1085 1387 obsessos.
1145 1336 1190 1374 et
1219 1343 1339 1385 spem
1368 1331 1702 1387 obpugnantium
1733 1332 1919 1388 augebat

142 1415 380 1472 amplitudo
408 1414 522 1468 valli,
552 1415 666 1468 quod
695 1413 860 1456 duabus
889 1411 1128 1467 legionibus
1158 1412 1287 1454 situm
1317 1412 1387 1455 vix
1417 1413 1601 1467 quinque
1630 1413 1748 1456 milia
1777 1425 1918 1456 arma-

142 1501 284 1540 torum
303 1495 589 1538 Romanorum
610 1493 854 1538 tuebantur.
914 1493 991 1535 sed
1009 1492 1190 1536 lixarum
1222 1490 1451 1534 multitudo
1482 1492 1655 1535 turbata
1683 1505 1789 1547 pace
1818 1493 1919 1537 illuc
1934 1504 1974 1533 15

142 1578 400 1631 congregata
419 1579 464 1618 et
481 1573 593 1619 bello
612 1574 808 1617 ministra
828 1573 989 1616 aderat.
1038 1572 1131 1626 (23)
1152 1584 1252 1626 pars
1272 1578 1510 1615 castrorum
1530 1572 1572 1614 in
1596 1571 1744 1616 collem
1764 1572 1919 1616 leniter

144 1668 367 1712 exurgens,
395 1667 497 1710 pars
526 1665 664 1707 aequo
693 1653 905 1697 adibatur.
964 1653 1122 1706 quippe
1151 1651 1235 1694 illis
1265 1651 1451 1695 hibernis
1481 1651 1669 1695 obsideri
1698 1652 1918 1707 premique

280 1809 299 1839 1
325 1805 466 1837 brutteri
489 1803 587 1848 (corr.
614 1803 690 1846 lm.)
805 1804 826 1834 4
850 1803 946 1843 longe
1038 1802 1156 1833 imodfi
1271 1802 1291 1832 δ
1314 1804 1352 1832 ut
1375 1801 1527 1841 Diprinar:
1560 1801 1594 1832 ni
1712 1801 1732 1831 8
1755 1801 1921 1841 utrimque

145 1852 277 1894 nepsam
370 1853 412 1884 10
435 1854 521 1883 auen
617 1853 656 1882 11
682 1850 875 1889 deprompte
967 1850 1107 1889 luusgue
1130 1848 1191 1887 (ad
1212 1848 1294 1878 hune
1317 1856 1441 1878 versum
1457 1847 1554 1886 signa
1571 1865 1613 1871 —-
1631 1847 1791 1886 imagines
1812 1856 1919 1879 reeens·

143 1909 258 1932 m
294 1898 431 1930 adnotat
467 1898 502 1928 in
534 1897 677 1937 maro-'m
710 1898 742 1928 d.
777 1904 807 1927 a.
842 1909 888 1923 ==
925 1895 1034 1927 deant
1068 1892 1219 1934 aliquan
1317 1895 1357 1924 12
1394 1892 1485 1923 ciuili
1601 1893 1643 1924 14
1676 1890 1844 1935 quinque}
1878 1893 1919 1925 V.

147 1946 190 1978 15
212 1945 435 1977 Romanorum
458 1953 518 1975 ons.
543 1943 605 1974 det.
701 1944 740 1973 17
766 1938 880 1984 ῗιιιίᾳξς

145 2083 314 2116 neeri-n
335 2082 416 2122 uois.
434 2099 478 2105 —
502 2078 663 2124 Bructeri]
686 2080 763 2112 vide
786 2081 873 2111 Ann.
901 2081 933 2119 1,
958 2080 1014 2111 51.
1051 2095 1095 2102 —
1119 2077 1210 2108 aava
1233 2073 1388 2119 lucisque]
1412 2075 1513 2107 savae
1536 2080 1569 2106 et
1591 2075 1658 2106 luen*
1679 2075 1919 2114 coniunguntur

146 2159 190 2167 —
217 2138 432 2184 Tamque]
458 2140 512 2178 18,
537 2140 590 2171 86.
1051 2139 1216 2174 tamquam
1240 2142 1423 2174 synonyma
1454 2133 1510 2164 vel
1534 2135 1570 2163 ut
1602 2132 1645 2163 sit
1675 2128 1711 2164 ἓν
1734 2127 1792 2165 8ιά
1816 2131 1919 2165 δυοῖν.

193 2201 246 2232 22.
280 2194 510 2241 metir]
545 2195 716 2236 Bipontini
749 2195 890 2234 iungunt
916 2197 1015 2232 recte,
1051 2193 1155 2224 sicin
1179 2191 1288 2222 Germ.
1315 2192 1346 2222 9.
1381 2189 1487 2228 iungit
1520 2189 1609 2220 lucos
1642 2199 1683 2219 ae
1715 2197 1857 2220 nemora.
1891 2198 1918 2219 c.

146 2250 1016 2300 elinoneomwrenthmivmeetoonommispro
1054 2246 1630 2281 lozmoru'bmaclucia.c.45:
1666 2246 1918 2277 nemmlneoe-

146 2317 239 2356 vulg.
263 2316 481 2347 mmm
504 2311 662 2351 scriptum
686 2312 813 2350 putant,
837 2307 915 2347 quia
933 2315 1017 2346 quae
1052 2316 1121 2346 qu,
1146 2306 1295 2337 wan-m.
1330 2321 1374 2328 —
1400 2303 1553 2342 soranam
1576 2302 1741 2344 {mayn-er]
1768 2311 1919 2334 ursorum

148 2375 344 2406 concurrant
366 2372 463 2412 plura
485 2369 562 2401 sint.
587 2368 756 2399 Bursa-n.
804 2363 1017 2395 Cornelissen
1053 2364 1279 2404 luporumque.
1315 2362 1357 2393 ef.
1383 2361 1492 2392 Germ.
1520 2363 1538 2391 7
1568 2359 1751 2400 ffqiesqus
1773 2364 1804 2391 ee
1826 2359 1919 2398 riona

149 2440 190 2463 ex
226 2429 327 2469 Verg.
366 2430 450 2459 Aen.
490 2428 522 2465 8,
563 2427 628 2458 63¹1
669 2430 856 2462 euasurum
906 2419 1017 2451 bouum
1052 2420 1209 2460 quaedam
1246 2419 1391 2450 dcto-aaa
1428 2417 1510 2448 lucis
1545 2417 1580 2447 in
1608 2416 1766 2456 proelium
1797 2417 1918 2455 sm.

148 2486 334 2528 auspicatur
370 2483 583 2524 coementis
620 2481 700 2514 boui.
743 2498 786 2503 —
825 2478 860 2509 in
891 2477 1017 2509 modum
1053 2495 1097 2501 —
1114 2476 1236 2508 &nabun
1257 2474 1431 2516 leq-’ombus
1453 2471 1560 2517 sinan]
1584 2474 1739 2513 positum,
1756 2471 1917 2515 κείμενον.

147 2543 315 2585 amonim
334 2539 494 2585 maa]
518 2540 679 2577 aedificia,
713 2547 795 2578 quae
830 2535 1017 2576 postulante
1053 2535 1204 2574 capiebat
1225 2533 1324 2573 igitur
1348 2530 1478 2562 circiter
1497 2529 1564 2561 XII
1587 2530 1680 2560 milia
1703 2539 1778 2561 cnm
1815 2529 1920 2569 copiis

148 2611 211 2634 usu
248 2600 379 2634 annecti
418 2598 571 2631 solebant
621 2596 750 2628 stativis
799 2592 916 2625 castris
964 2594 1019 2622 aut
1053 2590 1279 2623 auxiliaribus.
1304 2607 1348 2612 —
1371 2591 1567 2619 armatorum
1588 2583 1818 2631 Βοαωιοηιι]
1833 2586 1918 2617 mili-

148 2658 295 2691 hibernis
311 2657 498 2698 legionum3
521 2655 607 2694 lixis,
619 2651 866 2689 mercatoribus,
880 2648 1018 2680 advenis
1053 2655 1121 2680 tum
1137 2647 1400 2688 legionariorum,
1418 2648 1546 2684 praeter
1561 2644 1747 2683 auxiliares,
1765 2653 1785 2675 a
1800 2642 1919 2682 qulbus

148 2716 223 2748 aliie
254 2714 454 2747 deversoria.
500 2712 704 2744 vocabantur
727 2710 809 2740 haec
826 2704 1017 2748 prooemia.
1054 2707 1148 2737 firma
1170 2706 1251 2736 fides
1275 2702 1456 2743 exspectari
1480 2710 1545 2732 non
1562 2704 1701 2741 poterat.
1719 2704 1752 2731 et
1766 2698 1919 2731 Rau-mk

149 2773 286 2804 Duxnn.
334 2771 534 2803 vocabulum
569 2774 620 2802 est
657 2768 744 2809 apud
782 2766 914 2797 Festum
957 2762 1017 2793 Ed.
1054 2763 1166 2794 statim
1183 2765 1392 2802 opponuntur
1404 2757 1566 2797 &haemmi
1583 2758 1685 2789 ferme
1699 2756 1919 2797 provinciales

150 2829 264 2862 Huell,
280 2838 314 2870 p.
327 2830 404 2861 285.
430 2828 489 2860 sed
504 2828 539 2859 in
556 2827 666 2859 Gloss.
681 2824 805 2856 Labb.:
823 2819 1019 2859 Remuria,
1055 2823 1148 2850 erant
1158 2822 1255 2858 atque
1267 2818 1418 2854 inermes,
1432 2815 1518 2847 unde
1530 2819 1674 2846 armatos
1686 2814 1853 2845 Romanos
1863 2813 1918 2844 iae-

150 2881 323 2929 οἰκῆματα
336 2882 400 2928 πρὸ
417 2882 648 2929 παρεμβολῆς,
660 2881 786 2913 castris.
812 2879 853 2910 cf.
869 2876 1019 2917 Lipsium
1054 2875 1144 2907 bellio
1156 2875 1250 2907 turba
1265 2876 1307 2913 (c.
1323 2872 1380 2914 88)
1401 2872 1510 2912 potius
1527 2871 1727 2911 impediebat
1746 2880 1784 2901 ac
1808 2869 1918 2901 turba·

151 2943 221 2974 lm.
244 2942 338 2974 Rem.
363 2944 396 2984 ⁶,
424 2945 453 2973 1.
478 2941 565 2982 Opp.
588 2940 649 2971 111.
674 2949 708 2979 p.
727 2938 803 2970 13⁷.
829 2953 871 2960 —
895 2932 1017 2974 copiae]
1054 2934 1122 2966 bat.
1135 2936 1345 2973 opponuntur
1356 2930 1434 2960 item
1444 2939 1470 2960 e.
1480 2926 1921 2966 fflsmquomm

152 2999 307 3039 intellege
322 2998 448 3031 cibaria
456 3010 471 3039 ,·
484 2998 563 3039 ηιμ·
573 2998 643 3030 scil.
658 2996 779 3037 eopia.
797 3011 839 3017 —
856 2997 1019 3030 uvamque
1050 2991 1142 3029 fida.
1170 2999 1243 3021 voc.
1261 2988 1471 3019 Romanam
1497 2982 1670 3027 ἐναργείας
1686 2984 1719 3015 h.
1738 2984 1761 3015 1.
1779 2993 1878 3015 causa
1899 2993 1920 3014 a

152 3056 255 3088 meai
282 3056 399 3098 rupeas]
438 3056 571 3096 Lipsius
604 3054 759 3093 utrinque
793 3050 938 3082 scribens
970 3048 1017 3078 in·
1053 3048 1166 3079 Tacito
1182 3046 1254 3086 ipso
1271 3045 1414 3084 positum
1430 3046 1517 3082 puto.
1531 3050 1728 3081 quamquam
1753 3040 1919 3071 reundum

153 3114 280 3154 tellegit
302 3122 401 3154 supra
414 3113 565 3152 infraque
588 3115 698 3144 castra
713 3108 850 3140 militem
866 3107 1016 3137 locatum.
1053 3107 1195 3136 amato·
1211 3101 1400 3141 simpliciter
1427 3098 1492 3130 diei
1517 3101 1549 3138 2,
1566 3099 1620 3129 8'1.
1643 3099 1698 3129 88.
1724 3098 1756 3136 8,
1783 3099 1837 3130 18.
1863 3099 1917 3129 88.

155 3171 321 3202 »piebem
350 3170 518 3210 vulgatam
540 3170 734 3210 scripturam
756 3163 911 3196 defendit.
937 3160 1018 3192 nihil
1101 3162 1152 3192 23.
1176 3159 1286 3191 lenita·
1300 3156 1462 3197 exuo-year]
1486 3155 1534 3187 sie
1550 3155 1671 3187 Caesar
1686 3154 1723 3186 Β.
1743 3152 1785 3185 G.
1805 3154 1837 3193 7,
1856 3154 1919 3184 19:

154 3237 233 3260 sane
255 3226 353 3267 inest,
369 3227 456 3266 quod
470 3226 735 3259 emendationem
750 3222 903 3262 requirat.
921 3218 1017 3250 exciti
1054 3217 1142 3250 0011&
1180 3220 1250 3248 erat
1282 3215 1393 3245 lenim-
1426 3212 1468 3244 ab
1503 3212 1608 3252 &fimo
1643 3210 1792 3242 additio.
1838 3209 1918 3241 alibi

156 3284 280 3317 nuntiis
297 3282 454 3316 Germani
465 3283 610 3323 undique
621 3283 793 3314 advolant:
809 3278 867 3310 alii
878 3275 1018 3308 catervis
1054 3274 1186 3306 Tacitus
1203 3272 1374 3311 elementer,
1393 3274 1430 3301 ut
1446 3271 1532 3301 Ann.
1555 3269 1607 3307 18,
1625 3269 1687 3300 883
1710 3266 1805 3298 oolla
1827 3270 1919 3298 mat

154 3348 310 3382 superato
345 3340 464 3372 Rheno
484 3344 644 3381 occupant
666 3339 772 3380 ripam
798 3337 937 3372 laevam,
962 3333 1018 3364 alii
1053 3332 1217 3363 elem
1236 3329 1453 3368 adsumentes.
1488 3325 1598 3357 Germ.
1626 3328 1655 3356 1.
1699 3340 1743 3347 —
1780 3322 1920 3355 obuiam·

154 3400 187 3430 in
204 3399 320 3430 dextra
334 3402 506 3429 remanent
522 3397 600 3429 illos
623 3396 797 3428 secuturis
825 3394 1016 3423 wan-mss.
1048 3384 1222 3431 pressique]
1247 3385 1390 3425 reprimi,
1424 3382 1579 3420 cohiberi,
1604 3380 1842 3412 Germanorum
1868 3380 1917 3412 in·
