2176 3672
729 212 900 258 LIBER
929 214 1001 258 1v.
1061 215 1160 270 Cap.
1193 216 1259 260 54.
1288 217 1356 261 55.
1387 211 1455 262 56.
1878 219 1963 262 505

188 323 452 379 praefectus3
483 325 665 369 Sabinus
695 339 824 381 super
852 329 1023 372 insitam
1057 331 1285 373 vanitatem
1317 331 1450 374 falsae
1480 332 1627 386 stirpis
1656 332 1794 387 gloria
1822 332 1963 375 incen-

189 403 395 448 debatur:
437 407 654 460 proaviam
685 419 806 450 suam
835 408 935 451 divo
976 408 1085 451 Iulio
1116 423 1191 464 per
1219 409 1382 453 Gallias
1420 410 1595 454 bellanti
1626 424 1804 465 corpore
1834 415 1964 466 atque

189 482 403 527 adulterio
419 484 643 538 placuisse.
674 486 718 529 hi
734 488 913 530 secretis
930 488 1194 532 sermonibus
1211 491 1373 533 animos
1388 496 1626 533 ceterorum
1648 491 1855 534 scrutari:
1878 489 1963 542 ubi,

189 556 499 618 quosffdoneos'
514 553 731 620 rebantur,
766 568 1024 610 conscientia
1044 567 1321 621 obstrinxere,
1352 570 1392 612 in
1416 570 1582 612 colonia
1602 569 1901 624 Agrippinensi
1920 569 1963 611 in

187 643 358 686 domum
389 645 599 698 privatam
620 647 898 689 conveniunt:
931 660 1026 689 nam
1049 648 1214 701 publice
1245 649 1395 691 civitas
1416 649 1574 692 talibus
1604 649 1790 702 inceptis
1811 647 1963 691 abhor-
1978 661 1998 689 5

189 723 324 767 rebat.
366 735 417 766 ac
436 726 578 767 tamen
610 724 843 769 interfuere
868 727 1039 780 quidam
1066 726 1266 770 Ubiorum
1285 727 1649 781 Tungrorumque,
1680 728 1756 770 sed
1782 727 1967 781 plurima

163 864 167 866 .
190 804 257 847 vis
285 816 419 858 penes
440 803 639 848 Treviros
670 817 719 848 ac
749 805 977 859 Lingonas.
1009 819 1087 849 nec
1117 806 1255 849 tulere
1286 819 1428 849 moras
1448 807 1738 850 consultandi:
1770 806 1964 849 certatim

189 883 455 939 proclamant
474 882 618 927 furere
638 885 863 928 discordiis
882 885 1085 938 populum
1103 886 1350 935 Romanum,
1368 898 1516 929 caesas
1537 886 1739 940 legiones,
1754 888 1965 928 vastatam

189 962 376 1016 Italiam,
419 964 516 1017 capi
545 975 638 1006 cum
670 965 852 1007 maxime
884 964 1043 1015 urbem,
1075 965 1211 1007 omnis
1241 966 1455 1008 exercitus
1484 966 1573 1008 suis
1603 978 1813 1020 quemque
1843 965 1965 1008 bellis

176 1041 411 1085 distineri:
449 1042 486 1084 si
528 1041 660 1095 Alpes
706 1043 934 1096 praesidiis
975 1041 1210 1095 firmentur,
1240 1042 1396 1086 coalita
1425 1043 1624 1086 libertate
1652 1044 1965 1098 disceptaturas
1984 1064 2023 1093 ιο

193 1119 371 1175 Gallias,
386 1134 511 1176 quem
533 1122 687 1164 virium
710 1134 883 1164 suarum
906 1123 1132 1165 terminum
1154 1123 1299 1166 velint.
1323 1122 1413 1177 (56)
1427 1123 1531 1167 haec
1551 1124 1667 1166 dicta
1686 1124 1850 1177 pariter
1869 1136 1966 1176 pro-

191 1200 400 1256 bataque:
443 1202 498 1245 de
542 1203 733 1257 reliquiis
779 1202 998 1246 Vitelliani
1034 1203 1247 1246 exercitus
1289 1203 1552 1246 dubitavere.
1611 1204 1801 1258 plerique
1835 1204 1966 1246 inter-

191 1278 397 1324 ficiendos
426 1279 658 1324 censebant
689 1279 881 1323 turbidos
902 1279 1054 1324 infidos
1083 1282 1290 1335 sanguine
1310 1282 1462 1324 ducum
1493 1282 1702 1336 pollutos:
1734 1283 1835 1325 vicit
1854 1283 1965 1325 ratio

191 1360 410 1414 parcendi,
449 1372 502 1402 ne
541 1359 710 1402 sublata
749 1372 826 1413 spe
860 1360 1009 1403 veniae
1041 1360 1321 1413 pertinaciam
1356 1361 1661 1411 accenderent;
1702 1361 1966 1404 adliciendos

191 1440 336 1496 potius
365 1440 410 1482 in
440 1439 710 1491 societatem;
742 1439 895 1493 legatis
916 1442 1082 1481 tantum
1111 1438 1321 1491 legionum
1343 1438 1578 1482 interfectis
1598 1445 1785 1482 ceterum
1817 1440 1967 1493 volgus
1985 1459 2023 1488 15

193 1519 456 1563 conscientia
475 1519 681 1562 scelerum
703 1523 746 1561 et
766 1531 843 1572 spe
864 1519 1116 1572 inpunitatis
1137 1517 1263 1561 facile
1284 1530 1566 1561 accessurum.
1589 1531 1639 1561 ea
1659 1520 1785 1572 primi
1805 1519 1968 1562 concilii

194 1598 345 1653 forma,
375 1599 578 1654 missique
609 1612 686 1653 per
706 1598 870 1642 Gallias
892 1599 1128 1642 concitores
1147 1597 1272 1650 belli;
1303 1598 1548 1640 simulatum
1580 1599 1684 1652 ipsis
1706 1600 1967 1654 obsequium,

195 1693 280 1735 quo
301 1680 579 1723 incautiorem
595 1679 798 1723 Voculam
813 1680 1111 1733 opprimerent.
1141 1691 1218 1722 nec
1233 1677 1406 1721 defuere
1421 1680 1493 1732 qui
1510 1679 1696 1721 Voculae
1711 1680 1968 1731 nuntiarent,

195 1761 273 1804 sed
302 1759 415 1803 vires
454 1760 510 1802 ad
551 1761 830 1803 coercendum
872 1761 1062 1812 deerant,
1101 1758 1437 1812 infrequentibus
1468 1758 1691 1814 infidisque
1720 1759 1966 1813 legionibus.

196 1840 310 1882 inter
339 1838 561 1891 ambiguos
590 1838 748 1882 milites
778 1843 821 1882 et
850 1838 1039 1881 occultos
1069 1838 1213 1881 hostes
1234 1839 1441 1891 optimum
1472 1851 1496 1882 e
1526 1838 1819 1892 praesentibus
1850 1842 1970 1880 ratus
1983 1857 2026 1885 20

196 1923 346 1962 mutua
375 1916 711 1961 dissimulatione
741 1921 783 1958 et
814 1916 962 1968 isdem,
1001 1915 1154 1969 quibus
1194 1915 1430 1969 petebatur,
1472 1917 1660 1969 grassari
1688 1917 1731 1959 in
1763 1917 1968 1959 coloniam

198 1998 553 2052 Agrippinensem
588 1994 820 2038 descendit.
875 1994 974 2038 illuc
1005 1994 1206 2037 Claudius
1236 1993 1392 2048 Labe0,
1423 2007 1547 2049 quem
1578 2002 1748 2049 captum
1777 2000 1821 2038 et
1851 2000 1971 2038 extra

337 2148 350 2176 1
379 2145 502 2185 Sabin3
523 2142 692 2187 (Sabinum
725 2141 952 2185 Weissenborn)
1045 2142 1100 2186 1s2
1135 2143 1372 2173 incendebatur
1395 2142 1478 2174 det„-
1502 2141 1703 2172 Incendebn
1805 2142 1826 2172 8
1857 2142 1970 2172 secreti

198 2192 333 2222 scrutati
352 2190 489 2221 nehem
602 2192 622 2220 4
639 2190 836 2220 conscientia
849 2187 970 2232 (notam
985 2188 1044 2219 dd.
1066 2188 1139 2229 lm.)
1238 2188 1418 2218 obstrixere
1526 2190 1546 2218 5
1572 2187 1703 2226 publice
1795 2188 1815 2217 9
1840 2196 1970 2225 quenq;

202 2238 244 2268 10
267 2237 512 2276 disceptaturas
543 2234 720 2266 Vides-im.-
753 2232 931 2277 disceplras
955 2235 1004 2272 (in
1025 2234 1168 2272 morab-e
1202 2235 1243 2263 al.
1270 2234 1481 2272 despecturas
1509 2236 1579 2269 lm„
1614 2233 1775 2271 disceptas
1800 2231 1829 2268 b,
1864 2232 1969 2270 dispe-

197 2285 307 2314 etum
329 2281 516 2322 Rhenanus)
621 2282 660 2311 12
686 2280 820 2319 reliquis
924 2282 965 2311 14
989 2289 1064 2319 spes
1087 2297 1131 2303 —-
1155 2279 1351 2310 accenderet
1375 2278 1476 2309 Rioeoe
1568 2278 1731 2308 eliciendo
1826 2277 1867 2307 16
1893 2286 1970 2307 con-

198 2328 336 2359 scientia
360 2326 482 2371 (notan
506 2327 567 2358 dd.
596 2326 671 2365 ln.)
786 2326 914 2357 consilii
938 2325 1013 2357 ded.
1131 2327 1169 2356 21
1197 2324 1322 2355 artibus
1346 2323 1487 2363 grassari
1511 2323 1584 2355 dett.
1694 2323 1736 2354 22
1762 2322 1972 2362 agn-ipimus&

198 2373 360 2405 Claudius
384 2372 595 2405 Famam.-
618 2372 748 2411 gladius

202 2540 245 2546 —
286 2519 445 2566 drusun]
488 2526 701 2560 »occupatum
741 2529 813 2550 esse
850 2524 948 2558 atque
994 2519 1068 2548 ideo
1104 2517 1227 2555 aliquid
1253 2516 1458 2546 inaudierant
1482 2513 1583 2546 Galli.
1623 2524 1720 2554 quem
1757 2514 1838 2544 mire
1862 2514 1895 2544 in
1921 2513 1971 2544 bis

199 2579 365 2620 impediri,
399 2587 463 2617 quo
499 2577 608 2608 minus
644 2576 718 2607 aliis
752 2575 949 2606 exercitibus
973 2583 1068 2614 opem
1105 2573 1215 2604 verbis
1232 2573 1397 2603 vertendis
1422 2581 1441 2601 ι
1465 2581 1542 2602 vero
1559 2581 1657 2601 sensu
1674 2570 1858 2601 nberrarint
1874 2570 1971 2600 inter-

202 2636 324 2667 ferat«
364 2634 487 2674 cogitat
510 2638 620 2664 orator
645 2633 849 2672 potissimum
885 2632 925 2662 de
965 2630 1069 2670 copiis
1105 2634 1212 2670 pretes
1236 2629 1395 2668 plerique,
1419 2627 1546 2658 videbis
1570 2627 1656 2667 apud
1677 2626 1908 2657 Gutmmnum.
1928 2643 1970 2648 —

203 2691 374 2723 Flavianis
397 2696 472 2721 tunc
506 2690 554 2720 ita
586 2688 760 2725 distractis,
794 2691 830 2718 ut
855 2687 973 2726 partim
996 2696 1068 2717 cum
1104 2685 1348 2725 &semiana-m]
1375 2686 1458 2715 Anu.
1485 2685 1515 2716 2.
1539 2685 1577 2714 51
1606 2682 1788 2714 laseabam·
1817 2680 1973 2721 im,

203 2748 394 2780 vitelli-nis
429 2751 624 2786 pugnarent,
661 2745 778 2784 partim
817 2744 904 2774 bello
938 2743 1069 2773 ludaico
1104 2753 1174 2774 m
1196 2741 1376 2778 buter-filios
1396 2741 1462 2771 niun
1478 2740 1603 2779 aleon
1619 2743 1748 2771 norme
1772 2738 1972 2777 disceptaret.

203 2808 382 2844 occupatae
417 2806 538 2835 essent.
577 2802 620 2832 cf.
656 2804 743 2833 Anu.
779 2802 830 2838 14,
856 2801 919 2831 25:
959 2799 1073 2830 Panno·
1151 2800 1204 2831 66.
1248 2798 1459 2837 pom'naeiam
1482 2793 1699 2838 accenderent]
1734 2793 1834 2832 Gelli,
1859 2794 1972 2833 quiin

204 2862 361 2901 Hyrcano
383 2860 462 2891 bello
485 2857 726 2890 distivoebanw.
745 2875 787 2881 —
812 2857 842 2887 ui
857 2855 958 2896 Alpes
975 2866 1071 2895 prae-
1105 2856 1243 2887 concilio
1268 2854 1506 2886 consultabant.
1548 2869 1591 2875 —
1626 2852 1727 2892 praui
1757 2849 1897 2889 coneilio]
1930 2850 1970 2880 ef.

203 2917 298 2950 cidiis
325 2916 502 2957 firmanam]
547 2926 612 2955 qno
647 2915 763 2946 audaci
799 2919 830 2944 et
862 2913 1071 2952 magnanimo
1105 2915 1191 2946 c.64
1206 2912 1297 2951 apud
1311 2910 1478 2942 conc-'lium
1494 2907 1785 2948 Aer-imitantium.
1812 2906 1851 2936 de
1869 2907 1972 2937 altero

205 2975 343 3007 eon-ilio
379 2979 412 3005 et
445 2974 586 3004 condere
620 2976 651 3003 et
694 2970 842 3003 stabilire
884 2968 1072 3008 cogitabunt
1108 2968 1275 2999 Gallorum
1310 2966 1448 2997 concilio
1489 2965 1588 2995 refert
1621 2974 1647 2995 c.
1685 2965 1746 2995 68:
1791 2961 1973 2993 Gauianu-

206 3041 329 3063 novum
353 3030 535 3062 Galliarum
559 3029 740 3068 imper-lum,
765 3027 850 3056 haud
868 3026 947 3056 satis
964 3025 1071 3064 pensi·
1107 3026 1249 3056 civitate·
1289 3024 1322 3054 in
1353 3023 1463 3054 Reno·
1501 3029 1678 3051 evaunen.
1718 3036 1762 3043 —
1795 3018 1972 3058 patah-our,

207 3092 328 3126 unm,
368 3086 439 3118 fore
478 3091 513 3116 ut
548 3087 660 3117 statim
695 3087 859 3115 corrueret
899 3082 1072 3122 oppid-nis
1107 3078 1267 3123 manuari]
1293 3080 1373 3110 nihil
1399 3077 1557 3108 excidisse
1581 3086 1598 3107 e
1624 3075 1706 3105 Med.
1732 3074 1887 3115 arbitror,
1911 3074 1972 3105 etsi

207 3143 440 3176 certaminibus
457 3146 499 3186 (c.
524 3142 576 3181 18)
595 3142 865 3181 singulorumque
892 3139 1073 3178 principum
1109 3139 1246 3177 probum
1287 3146 1345 3176 per
1377 3144 1412 3166 se
1447 3139 1497 3164 est
1537 3133 1797 3172 supplementum
1837 3129 1970 3161 arabus.

207 3200 383 3232 ambitiosa
406 3199 634 3230 aemulatione.
672 3215 716 3221 —
751 3197 828 3236 capi
849 3205 917 3226 cum
939 3194 1075 3225 mambae
1111 3194 1181 3224 Liv.
1210 3195 1263 3233 22,
1289 3194 1343 3231 18,
1367 3194 1408 3223 4:
1442 3200 1499 3221 neo
1523 3187 1734 3219 tinnabula-0
1758 3186 1885 3227 fefollit
1907 3188 1973 3218 mis

206 3254 328 3301 urben]
356 3265 465 3287 »nune
486 3256 595 3295 ipsum
618 3264 686 3286 rem
710 3254 791 3285 inibi
815 3262 896 3290 esse,
921 3257 956 3282 ut
972 3252 1076 3282 Rom·
1110 3259 1142 3282 u
1175 3248 1298 3281 arc-'buu
1333 3248 1402 3288 poti
1439 3257 1462 3277 a
1502 3244 1614 3277 Fabio-
1662 3261 1697 3267 -
1737 3241 1911 3286 docenda]
1955 3253 1975 3273 a

209 3313 416 3346 aFlavinnis
431 3315 686 3351 occuparetur-«3
711 3320 776 3350 quo
800 3310 840 3340 de
864 3310 995 3348 incepto
1011 3308 1075 3338 iam
1111 3307 1327 3346 Mogonti-co.
1378 3315 1404 3335 c.
1445 3304 1497 3335 3⁵1.
1538 3318 1583 3325 —
1621 3304 1713 3332 ewa
1745 3299 1874 3341 nom]
1914 3301 1974 3330 hoc

310 3368 415 3394 mm
439 3367 479 3397 u.
1649 3358 1704 3396 33
