2176 3672
887 233 990 289 cap.
1027 234 1089 276 10.
1124 235 1189 276 11.
1826 235 1907 278 169

148 337 331 392 materia
357 350 669 403 tempestatum,
699 349 743 388 et
771 345 986 402 profunda
1014 347 1147 389 moles
1177 347 1363 389 continui
1383 348 1510 389 maris
1539 347 1700 390 tardius
1728 347 1907 403 impelli-

147 425 234 466 «as.
262 424 459 464 naturam
488 419 807 476 Queaniatque
836 423 978 463 aestus
1007 434 1146 476 neque
1175 434 1382 476 quaerere
1412 421 1537 463 huius
1572 422 1714 476 operis
1743 426 1820 475 est,
1857 436 1907 464 ac

148 495 272 539 musti
289 490 515 538 rettulere:
546 507 678 535 unum
697 492 947 547 addiderim,
968 508 1176 549 nusquam
1195 495 1321 537 latius
1341 495 1549 537 dominari
1568 509 1697 545 mare,
1727 496 1906 538 multum

147 569 368 612 fluminum
396 568 480 611 huc
508 572 638 623 atque
668 567 769 609 illuc
798 567 926 621 ferre,
965 581 1045 610 nec
1074 569 1198 615 litore
1227 572 1352 611 tenus
1380 568 1630 612 adcrescere
1668 573 1743 612 aut
1770 583 1905 612 resor-

147 642 259 694 beri,-
281 641 359 685 sed
391 641 571 686 influere
607 641 779 696 penitus
816 645 945 697 atque
983 642 1163 692 ambire,
1210 646 1254 684 et
1290 642 1400 697 iugis
1438 643 1566 685 etiam
1606 658 1656 686 ac
1692 643 1904 686 montibus
1922 663 1937 686 a

146 715 276 759 innoti
302 715 423 758 velut
439 705 485 758 in
504 729 593 758 suo.
626 716 716 768 (11)
735 719 926 758 ceterum
946 716 1212 758 Britanniam
1233 716 1306 771 qui
1324 716 1524 758 mortales
1542 717 1662 760 initio
1682 717 1902 768 coluerint,

144 787 374 844 indigenam
418 803 474 832 an
517 788 697 843 advecti,
742 794 790 831 ut
824 790 936 832 inter
973 790 1188 844 barbaros,
1227 802 1378 843 parum
1415 795 1689 846 compertum.
1734 791 1904 834 habitus

143 874 370 918 corporum
410 863 518 914 varii
531 897 542 915 ‚
581 867 709 918 atque
747 877 804 906 ex
840 877 892 906 eo
922 868 1187 919 argumenta.
1232 878 1415 920 namque
1445 864 1598 907 rutilae
1628 864 1903 908 Caledoniam

143 936 425 981 habitantium
469 951 630 991 comae,
676 938 821 992 magni
867 942 985 980 artus
1032 937 1334 980 Germanicam
1377 938 1585 993 originem
1635 937 1901 981 adseverant.

143 1009 330 1054 silurum
355 1011 536 1054 colorati
562 1011 718 1064 vultus,
749 1011 849 1054 torti
877 1012 1129 1066 plerumque
1151 1011 1288 1053 crines
1309 1015 1352 1054 et
1371 1012 1509 1066 posita
1528 1015 1675 1055 contra
1693 1012 1936 1068 Hispaniam

142 1083 330 1129 Hiberos
358 1089 528 1127 veteres
547 1085 763 1127 traiecisse
785 1099 942 1140 easque
963 1084 1086 1127 sedes
1106 1098 1333 1140 occupasse
1362 1084 1490 1126 fidem
1516 1085 1687 1128 faciunt.
1718 1086 1902 1141 proximi

278 1163 310 1197 2.
327 1171 384 1192 nec
399 1161 435 1193 B.
454 1176 498 1182 —
516 1163 547 1193 3.
570 1161 734 1192 dominari
748 1163 775 1192 A
798 1163 830 1192 in
846 1171 937 1200 marg.
954 1171 994 1192 m.
1015 1164 1029 1191 1
1049 1164 1079 1191 et
1094 1161 1290 1198 Puteolanus3
1313 1161 1467 1192 damnari
1482 1163 1508 1191 A
1525 1161 1559 1192 B.
1593 1178 1625 1182 —
1649 1163 1679 1192 8.
1701 1161 1902 1193 Caledomam

142 1205 185 1243 83
204 1204 420 1246 Calydonium
435 1207 471 1242 A,
488 1207 606 1237 litterae
620 1218 643 1247 y
659 1217 808 1247 suprascr,
825 1217 842 1238 e
857 1216 876 1237 a
891 1216 983 1237 manu
1000 1209 1030 1238 1.
1046 1221 1090 1228 —·
1107 1207 1138 1237 9.
1151 1216 1248 1237 arcus
1262 1217 1448 1246 germanam
1461 1207 1495 1237 B.
1512 1221 1551 1228 —
1567 1208 1618 1238 10.
1627 1207 1814 1247 hispaniam
1824 1208 1900 1248 AB3

142 1260 199 1282 em.
217 1250 363 1282 Kuretus.
383 1267 424 1273 —
446 1255 496 1283 11.
517 1252 645 1284 hiberos
662 1253 695 1290 A,
713 1253 831 1283 litterae
843 1263 862 1284 o
874 1261 1022 1292 suprascr.
1040 1263 1062 1282 a
1074 1261 1193 1293 a-manu
1210 1253 1245 1288 23
1263 1252 1382 1282 Jberas
1393 1253 1417 1283 B
1428 1267 1474 1274 -
1485 1252 1668 1293 occupasse]
1681 1253 1845 1284 habitasse
1857 1254 1900 1293 A;

141 1296 197 1327 sed
213 1297 341 1327 correxit
354 1297 387 1328 in
402 1298 534 1336 margine
550 1307 590 1328 m.
611 1299 639 1328 1.

187 1353 334 1385 rariores
349 1349 485 1396 terraeJ.
533 1354 690 1393 Significat
711 1355 841 1385 minores
856 1350 931 1394 [illas
953 1355 998 1384 in-

1090 1358 1127 1384 at
1141 1353 1228 1384 inter
1239 1352 1419 1392 barbarosJ,
1437 1355 1489 1394 qui
1502 1355 1648 1393 originum
1661 1363 1781 1385 suarum
1793 1364 1898 1394 parum

140 1399 224 1430 sulas
239 1398 381 1430 diductas
397 1400 511 1439 spatiis.

183 1453 285 1475 causa
299 1453 339 1475 ao
354 1444 494 1475 materia
509 1441 755 1487 tempestatum}
792 1445 842 1475 De
859 1445 917 1475 hac
933 1445 996 1484 opi-

138 1489 230 1520 nione
244 1487 426 1520 conferenda
440 1493 522 1526 sunt,
544 1500 621 1530 quae
637 1491 830 1530 proferuntur
845 1491 927 1530 apud
943 1490 996 1520 Se-

140 1543 246 1568 necam
262 1537 378 1576 quaest.
396 1538 458 1565 nat.
475 1536 515 1568 V.
535 1538 588 1568 13.

177 1578 351 1620 profunda
379 1579 476 1612 moles
498 1580 646 1612 continui
668 1580 795 1618 marisJ.
844 1580 889 1612 ef.
915 1581 993 1612 Ann.

139 1624 295 1658 lla-taut
309 1625 359 1656 ita
374 1630 488 1657 vasto
505 1625 777 1666 etprofundo,
794 1631 831 1658 ut
843 1625 996 1657 credatur

138 1670 402 1709 novissimum
418 1676 450 1702 et
464 1671 536 1702 sine
552 1672 650 1703 terris
665 1682 771 1703 mare
787 1671 832 1712 (v.
849 1671 963 1711 supra).

182 1725 284 1756 neque
305 1731 340 1737 -
359 1715 426 1756 ac]‚
443 1719 478 1747 nt
498 1717 581 1748 Suet.
601 1717 692 1757 Vesp.
714 1719 752 1747 12
778 1727 880 1758 neque
896 1716 994 1754 dissi-

136 1761 276 1793 mulavit
301 1771 450 1802 umquam
477 1771 516 1793 ao
530 1761 729 1802 frequenter
751 1762 851 1793 etiam
860 1772 947 1802 prae
962 1772 995 1793 se

137 1805 227 1838 tulit.

174 1851 378 1893 fluminumL
395 1862 473 1893 quae
489 1855 562 1884 sunt
578 1853 611 1883 in
627 1853 694 1893 ipso
707 1854 789 1884 mari.
814 1852 894 1883 Mela
910 1853 963 1884 111.
973 1854 991 1883 3

135 1907 224 1928 mare
252 1898 297 1934 (in
312 1899 382 1929 sinu
406 1898 541 1935 Godano)
566 1913 608 1919 —
630 1898 727 1938 aquis
741 1898 870 1939 passim
893 1898 993 1929 inter-

131 1942 319 1983 fluentibus
342 1953 381 1974 ac
404 1953 500 1984 saepe
523 1944 736 1984 transm-essia
758 1954 874 1983 vayum
896 1947 994 1984 atque

137 1987 294 2028 diffusum
316 1988 441 2029 facie
471 1990 647 2020 amnium
677 1990 856 2029 spargitur.

182 2034 244 2065 huc
255 2039 354 2076 atque
371 2029 483 2076 illueJ,
500 2038 534 2065 ut
550 2035 587 2065 H.
604 2035 628 2066 1.
645 2036 698 2066 85.
713 2036 828 2067 Ceteris
845 2036 918 2067 locis
933 2036 994 2067 huc

137 2078 220 2110 illuc
243 2075 294 2122 (E.
316 2080 338 2110 1.
361 2081 412 2111 76.
444 2081 525 2112 Ann.
547 2080 599 2112 IV.
617 2081 648 2112 5.
683 2081 748 2113 XII.
763 2078 839 2120 34),
864 2085 917 2112 aut
931 2082 994 2112 huc

135 2129 168 2156 et
184 2123 266 2156 illue
284 2125 376 2162 (Anu.
393 2126 456 2156 XV.
475 2122 542 2165 38).

180 2180 237 2201 nec
254 2170 350 2202 litore
373 2170 489 2209 unus]-
537 2171 591 2202 His
608 2171 705 2202 verbis
722 2173 890 2203 continetur
907 2182 992 2212 prae-

136 2215 285 2248 dicatum:
301 2226 441 2248 accessus
458 2220 489 2248 et
503 2226 638 2248 recessus
651 2221 751 2249 aestus
763 2218 903 2249 maritimi
915 2219 993 2249 ultra

135 2261 234 2292 litoris
249 2262 410 2295 terminum
426 2262 586 2302 procurrit.

179 2306 328 2346 ambire}
377 2307 467 2338 Sinus
492 2309 570 2339 enim
588 2309 726 2339 maritimi
748 2318 810 2339 non
826 2309 924 2340 solum
940 2318 990 2348 pe-

134 2353 216 2383 nitus
231 2353 363 2384 influunt
378 2354 411 2384 in
426 2357 543 2389 terram,
567 2355 620 2384 sed
643 2355 731 2384 etiam
748 2364 812 2385 eam
829 2354 990 2394 multiplici

135 2407 204 2428 orae
221 2398 301 2429 flexu
317 2400 404 2439 quasi
420 2399 566 2430 ambiunt.

180 2448 212 2475 et
228 2443 331 2484 iuqis]
349 2454 375 2475 e.
393 2454 422 2484 q.
440 2454 465 2475 s.
506 2445 586 2484 Mare
603 2455 664 2475 non
681 2445 778 2475 solum
794 2445 836 2476 ibi
853 2446 945 2475 intrat
959 2446 990 2476 in

0 2464 17 2503 ζ’
72 2511 75 2515 -
135 2491 255 2526 terram,
280 2490 333 2520 ubi
349 2490 437 2520 litora
453 2493 524 2520 sunt
539 2491 629 2530 plana
655 2493 746 2531 atque
773 2490 908 2527 humilia,
935 2491 990 2521 sed

134 2543 173 2565 ne
188 2536 335 2566 montium
351 2535 473 2575 quidem
495 2536 574 2567 mole
591 2537 730 2576 opposita
749 2536 934 2576 prohibetur,
952 2547 990 2567 ne

98 2594 102 2597 -
134 2589 189 2620 per
203 2580 318 2611 medios
333 2582 412 2612 viam
429 2581 486 2612 sibi
503 2583 627 2621 aperiat.

177 2625 265 2658 velut
289 2627 326 2657 in
348 2625 431 2664 suo].
480 2627 560 2658 Haec
585 2627 676 2658 verba
704 2637 765 2658 non
786 2630 846 2658 tam
870 2629 988 2668 praedi-

133 2674 213 2711 cato,
229 2681 318 2712 quam
335 2673 395 2712 ipsi
411 2672 545 2703 subiecto
564 2670 681 2712 (mare)
698 2673 891 2712 adiungenda
907 2677 986 2704 sunt.

132 2717 216 2747 Idem
233 2720 279 2747 est
294 2726 367 2748 usus
383 2718 615 2757 praepositionis
631 2718 668 2749 in
685 2721 761 2749 Ann.
782 2719 818 2749 11.
835 2721 853 2749 4
872 2717 987 2758 (Arme-

132 2761 188 2799 nii)
203 2756 308 2802 haqes
323 2762 396 2794 sine
413 2762 540 2794 domino
565 2774 659 2804 quam
683 2764 720 2794 in
744 2763 894 2795 libertate
914 2774 987 2804 pro-

63 2807 79 2838 ³1³
123 2806 248 2847 fuyum
269 2808 419 2840 Vononen
442 2808 480 2838 in
495 2818 628 2848 reynum
647 2809 816 2848 accipiunt
839 2811 859 2841 i.
877 2819 902 2840 e.
921 2819 988 2840 cum

25 2852 28 2856 ’
76 2883 85 2898 ³
132 2853 226 2892 magis
242 2853 364 2884 domino
381 2857 515 2884 carerent
527 2863 617 2893 quam
634 2854 719 2885 liberi
737 2851 857 2895 essent).
877 2855 928 2885 111.
945 2857 963 2885 7
968 2857 986 2886 6

17 2929 23 2935 Α,
38 2898 101 2944 =2³:33³<
133 2898 213 2938 quia
230 2898 267 2929 in
281 2898 408 2939 magnis
423 2899 547 2939 opibus,
566 2909 636 2930 eum
648 2899 752 2938 ferme
770 2905 899 2931 cunctos
909 2910 986 2939 pro-

20 2939 74 2959 '
91 2948 100 2963 -·
131 2951 218 2974 ceres
256 2952 327 2974 cum
365 2945 482 2975 honore
529 2944 773 2984 nominavisset,
817 2944 987 2976 Caesarem

131 2987 251 3020 omisit.

485 3035 558 3075 Gap.
578 3037 630 3066 11.

177 3075 418 3122 Britanniam}
466 3080 548 3111 Haec
570 3090 626 3111 vox
650 3081 680 3111 in
710 3081 799 3111 initio
821 3082 986 3112 sententiae
1009 3067 1011 3107 Ε

1008 3110 1011 3173 1
1039 3123 1173 3154 Gallica
1190 3122 1347 3163 differunt
1362 3123 1602 3155 consuetudine.

135 3167 214 3198 unde
229 3169 417 3204 aberraverit,
443 3181 511 3201 nam
535 3180 612 3210 quae
636 3172 770 3210 proxime
794 3173 985 3212 praecedunt,
1009 3174 1011 3193 ²

133 3122 233 3163 posita
260 3127 315 3159 est,
343 3128 378 3156 ut
408 3126 593 3164 significetur
620 3126 717 3156 redire
746 3127 909 3157 orationem
940 3137 984 3162 eo,

134 3221 195 3243 non
210 3213 331 3244 fuerunt
346 3216 444 3246 huius
459 3216 576 3254 operis.

178 3257 352 3296 indigenae
370 3271 414 3291 an
429 3260 585 3299 advectiJ.
632 3261 763 3292 Eandem
781 3262 985 3301 quaestionem

134 3302 268 3379 azizim?
287 3306 412 3341 tractat,
441 3306 493 3336 ubi
520 3306 558 3336 de
585 3306 739 3336 Germanis
767 3307 849 3346 loqui
879 3307 986 3346 incipit

1045 1399 1154 1429 curiosi
1172 1408 1237 1429 esse
1254 1400 1353 1430 solent
1366 1410 1422 1431 nec
1434 1401 1594 1440 quicquam
1608 1401 1646 1430 de
1660 1401 1703 1430 eis
1715 1404 1898 1440 compertum

1044 1444 1165 1476 habent.
1213 1445 1259 1475 De
1274 1445 1421 1485 particula
1443 1450 1480 1476 ut
1504 1455 1623 1477 causam
1647 1445 1834 1484 significante
1859 1445 1898 1477 cf.

1045 1490 1142 1520 Germ.
1168 1492 1208 1520 22
1232 1491 1372 1525 crebrae,
1397 1495 1434 1521 ut
1455 1490 1542 1522 inter
1570 1490 1762 1529 vinolentos,
1792 1491 1897 1522 rixae.

1043 1536 1113 1574 Agr.
1134 1537 1173 1565 18
1191 1540 1229 1566 ut
1252 1536 1290 1566 in
1313 1535 1431 1567 subitis
1454 1535 1619 1567 consiliis.
1665 1536 1757 1567 Plura
1779 1536 1899 1575 collegit

1043 1581 1244 1620 Nipperdeius
1261 1581 1299 1611 ad
1315 1582 1394 1612 Ann.
1411 1581 1434 1611 Ι.
1453 1582 1505 1611 65.

1088 1626 1220 1657 habitus
1235 1625 1413 1665 corporum]
1430 1629 1466 1657 ut
1482 1627 1579 1657 Germ.
1598 1628 1630 1657 4.
1666 1627 1735 1665 Agr.
1753 1628 1806 1657 44.

1088 1681 1128 1702 ex
1145 1670 1207 1712 eo]‚
1225 1671 1307 1711 quod
1323 1672 1397 1702 varii
1414 1674 1484 1702 sunt
1499 1672 1621 1702 habitus
1637 1681 1806 1711 corporum.

1087 1717 1211 1747 rutilae
1234 1726 1339 1747 comae
1355 1732 1399 1738 —
1421 1716 1635 1755 asseverantJ,
1651 1720 1685 1747 ut
1705 1717 1808 1757 paullo
1828 1721 1898 1757 post

1042 1761 1180 1793 colorati
1207 1761 1314 1793 vultus
1342 1778 1386 1784 —-
1406 1762 1508 1802 fidem
1527 1762 1669 1802 faciunt
1690 1766 1721 1793 et
1737 1763 1835 1793 Germ.
1853 1764 1894 1794 25

1042 1807 1183 1848 impares
1207 1807 1359 1838 libertini
1379 1807 1545 1838 libertatis
1571 1813 1793 1847 armamentum
1809 1813 1893 1840 sunt.

1041 1853 1109 1883 Est:
1128 1862 1163 1883 eo
1176 1853 1258 1893 quod
1272 1862 1374 1884 comae
1385 1854 1492 1884 rutilae
1499 1856 1578 1889 sunt,
1595 1857 1781 1885 asseveratur
1792 1863 1818 1884 e.
1829 1863 1858 1894 q.
1869 1863 1894 1885 ε.

1041 1898 1086 1929 De
1109 1901 1173 1929 tota
1196 1899 1252 1929 hac
1275 1899 1389 1930 ratione
1413 1898 1534 1930 dicendi
1547 1909 1586 1942 ον.
1610 1899 1827 1939 Nipperdeium
1855 1899 1894 1929 ad

1040 1946 1118 1975 Ann.
1136 1944 1187 1974 ΠΙ.
1206 1945 1236 1974 9.

1077 1984 1303 2021 'Caledoniam
1317 1989 1561 2028 habitantiumJ,
1579 2000 1682 2021 eorum
1699 1991 1751 2031 qui
1769 1990 1892 2021 Caledo-

1041 2037 1120 2066 niam
1145 2035 1290 2074 habitant,
1316 2035 1439 2065 insolito
1463 2036 1613 2075 participii
1634 2037 1799 2075 praesentis
1823 2046 1890 2073 usu,

1041 2082 1078 2112 cf.
1097 2091 1122 2112 c.
1141 2082 1182 2111 25
1206 2079 1411 2111 Calidoniam
1427 2081 1604 2112 incolentes
1612 2081 1744 2121 populi.

1091 2126 1325 2158 Germanicam.
1363 2126 1461 2157 Germ.
1479 2128 1498 2157 4
1516 2127 1554 2156 de
1571 2128 1739 2158 Germanis:
1769 2126 1891 2158 rutilae

1039 2182 1153 2208 comae,
1170 2182 1288 2212 mayna
1304 2181 1448 2211 corpora.

1084 2217 1257 2255 SilurumJ,
1274 2218 1326 2257 qui
1340 2217 1512 2248 habitabant
1527 2218 1557 2248 in
1575 2218 1759 2250 occidentem
1776 2227 1890 2255 versus,

1038 2265 1118 2295 ultra
1134 2263 1287 2294 Sabrinam
1303 2263 1424 2293 flumen.

1083 2307 1244 2347 coloratss,
1267 2309 1330 2339 sole
1347 2309 1393 2338 vel
1410 2309 1476 2348 ipsa
1499 2312 1612 2345 natura,
1637 2319 1698 2340 non
1721 2311 1794 2339 arte.
1840 2310 1891 2342 Sic

1038 2355 1128 2394 Verg.
1146 2355 1251 2392 Georg.
1270 2354 1321 2385 IV.
1339 2355 1402 2384 293
1421 2353 1520 2385 Indos
1535 2355 1670 2394 appellat
1684 2354 1851 2386 coloratos.

1083 2399 1129 2438 et]
1155 2410 1215 2430 non
1239 2400 1374 2438 adiungit
1397 2400 1517 2430 tertium
1541 2403 1747 2439 argumentum
1772 2401 1889 2430 duobus

1038 2445 1296 2485 praecedentibus,
1326 2446 1379 2475 sed
1407 2445 1532 2475 alterum
1560 2446 1663 2485 priori.
1711 2446 1786 2476 Nam
1813 2456 1889 2486 quae

1039 2486 1218 2525 ἀσυνδέτως
1234 2492 1414 2529 iunguntur:
1439 2490 1574 2521 colorati
1590 2491 1708 2531 vultus,
1728 2491 1806 2521 torti
1821 2491 1887 2530 ple·

1037 2546 1168 2576 rumque
1185 2536 1292 2567 crines
1307 2546 1400 2567 unum
1418 2536 1554 2567 efficiunt
1570 2540 1774 2575 argumentum
1791 2546 1808 2566 e
1824 2546 1887 2567 cor-

1036 2591 1142 2622 porum
1159 2581 1262 2612 habitu
1279 2584 1440 2621 sumptum.
1478 2581 1523 2612 De
1538 2582 1693 2621 asyndeto,
1710 2582 1791 2622 quod
1808 2581 1887 2612 idem

1036 2631 1081 2657 est
1097 2627 1199 2666 paullo
1215 2630 1303 2657 ante:
1335 2626 1457 2658 rutilae
1474 2642 1516 2647 -
1531 2636 1650 2666 comae,
1669 2626 1780 2667 magni
1795 2631 1888 2658 artus

1036 2673 1073 2703 cf.
1092 2673 1306 2712 Nipperdeium
1320 2673 1357 2702 ad
1371 2674 1447 2702 Arm.
1461 2671 1511 2702 IV.
1527 2674 1579 2702 43.
1604 2673 1706 2702 Totius
1719 2672 1778 2702 loci
1795 2672 1885 2703 simil-

1036 2719 1106 2748 lima
1128 2721 1206 2753 sunt,
1235 2727 1311 2757 quae
1328 2718 1467 2756 leguntur
1491 2728 1515 2748 c.
1537 2719 1575 2747 13
1605 2717 1742 2748 domitae
1765 2722 1884 2757 flentes,

1035 2763 1123 2802 capti
1139 2773 1229 2801 reyes
1246 2768 1275 2793 et
1290 2767 1487 2794 monstratus
1494 2762 1587 2802 fatis
1611 2761 1839 2801 Vespasianus.

1080 2807 1223 2848 easque]‚
1241 2817 1316 2847 quas
1332 2811 1393 2838 tum
1412 2808 1526 2838 Silures
1542 2807 1692 2838 tenebant.
1740 2807 1791 2839 Sic
1806 2808 1882 2838 Anu.

1036 2854 1083 2884 IV.
1116 2855 1157 2883 55
1183 2853 1412 2892 Zmyrnaeorum
1439 2854 1588 2883 mentione
1618 2852 1704 2890 facta,
1723 2852 1821 2883 verbis
1846 2862 1885 2884 ea

1031 2898 1204 2939 prot-incia
1221 2899 1405 2936 significatur
1420 2899 1501 2928 Asis.

1075 2942 1219 2985 proximi
1236 2958 1278 2964 —
1295 2942 1417 2974 similes
1433 2939 1531 2983 suntJ.
1570 2943 1649 2974 Idem
1669 2944 1779 2975 Caesar
1794 2943 1885 2975 tradit

1009 2986 1012 3024 4
1034 2990 1062 3020 b.
1081 2988 1156 3019 Gall.
1172 2988 1207 3018 V.
1228 2990 1267 3018 14
1287 2989 1337 3018 Ex
1353 2988 1406 3019 his
1424 2988 1570 3033 affinibus
1582 2988 1672 3027 lonye
1684 2993 1759 3019 eunt
1774 2990 1882 3020 huma-

1009 3026 1012 3066 l
1034 3033 1173 3069 nissimi,
1207 3033 1264 3072 qui
1295 3032 1445 3063 Cantium
1473 3033 1573 3072 (Kent)
1610 3034 1767 3073 incolunt,
1801 3044 1883 3075 quae

1034 3079 1122 3119 reqio
1150 3082 1195 3109 est
1222 3078 1396 3108 marituma
1424 3079 1535 3117 omnis,
1569 3089 1670 3119 neque
1700 3079 1835 3111 multum
1861 3090 1883 3110 a

1077 3179 1131 3200 seu
1148 3184 1190 3189 -
1207 3163 1289 3209 seuJ.
1330 3168 1412 3199 Prius
1435 3169 1597 3199 membrum
1615 3169 1735 3201 ablativi
1751 3170 1881 3202 absoluti

1033 3215 1127 3244 forma
1145 3214 1292 3253 prioribus
1309 3213 1510 3252 subiungitur,
1534 3215 1658 3245 alterum
1674 3214 1811 3246 absolute
1828 3226 1879 3256 po-

1033 3260 1122 3289 situm
1140 3262 1193 3289 est.
1243 3258 1291 3289 Cf.
1309 3259 1385 3290 Anu.
1405 3259 1441 3289 ll.
1466 3261 1501 3289 21
1530 3259 1706 3300 inprompto
1728 3261 1794 3291 iam
1818 3262 1876 3291 Ar-

1033 3304 1133 3335 minio
1149 3304 1185 3334 ob
1201 3303 1353 3334 continua
1370 3304 1535 3344 pericula,
1559 3305 1628 3337 sive
1652 3304 1749 3336 illum
1771 3315 1880 3338 reeens

1032 3353 1195 3387 acceptum
1211 3348 1327 3379 vulnus
1343 3349 1540 3382 tardaverat.
1576 3350 1611 3381 H.
1631 3350 1654 3381 1.
1677 3351 1714 3382 18
1737 3361 1799 3383 non
1815 3355 1878 3383 ter·
