2176 3672
721 263 892 315 LIBER
919 264 992 314 IV.
1051 268 1151 326 Cap.
1186 268 1222 315 1.
1254 266 1293 315 2.
1326 267 1364 314 3.
1841 259 1928 311 459

157 382 236 430 sed
275 384 438 440 stupris
478 391 521 429 et
549 386 772 430 adulteriis
800 384 933 429 filium
961 386 1167 441 principis
1196 385 1361 440 agebat.
1419 383 1692 439 praefectura
1722 383 1927 438 praetorii

154 477 287 520 penes
308 466 478 508 Arrium
500 465 672 517 Varum,
700 477 866 508 summa
893 466 1110 519 potentiae
1138 466 1182 508 in
1212 464 1355 507 Primo
1386 463 1579 506 Antonio.
1637 463 1676 506 is
1704 462 1928 516 pecuniam

156 544 445 599 familiamque
464 558 490 589 e
503 546 712 600 principis
729 547 854 588 domo
874 546 996 600 quasi
1015 544 1339 588 Cremonensem
1358 544 1562 598 praedam
1591 555 1765 597 rapere:
1796 542 1929 586 ceteri

154 625 368 668 modestia
406 625 474 668 vel
502 625 771 680 ignobilitate
799 629 850 668 ut
877 626 921 667 in
951 624 1061 668 bello
1091 624 1271 678 obscuri,
1313 624 1376 667 ita
1403 623 1689 676 praemiorum
1719 626 1926 676 expertes.

156 705 310 748 civitas
324 705 482 759 pavida
497 710 542 748 et
555 705 732 748 servitio
746 709 901 759 parata
916 704 1115 758 occupari
1130 705 1379 747 redeuntem
1393 702 1626 745 Tarracina
1644 701 1693 744 L.
1711 701 1928 745 Vitellium
1940 709 1964 743 e

154 795 250 828 cum
270 784 515 827 cohortibus
535 785 832 839 exstinguique
859 783 1025 838 reliqua
1054 783 1152 826 belli
1180 781 1438 837 postulabat.
1497 781 1720 836 praemissi
1740 782 1926 825 Ariciam

154 864 346 919 equites3
376 877 527 919 agmen
546 864 759 919 legionum
779 864 895 906 intra
915 863 1104 906 Bovillas
1124 863 1256 906 stetit.
1305 874 1383 905 nec
1402 865 1626 905 cunctatus
1646 865 1714 904 est
1732 860 1930 904 Vitellius

155 955 288 998 seque
328 948 373 987 et
412 944 609 988 cohortes
648 942 825 986 arbitrio
868 944 1041 986 victoris
1070 943 1331 997 permittere,
1373 945 1417 984 et
1445 941 1566 984 miles
1595 939 1782 983 infelicia
1810 952 1930 982 arma

154 1023 270 1067 haud
311 1024 450 1066 minus
490 1024 556 1066 ira
594 1035 722 1077 quam
761 1027 878 1066 metu
921 1023 1086 1066 abiecit.
1144 1021 1297 1076 longus
1335 1021 1576 1063 deditorum
1615 1020 1720 1062 ordo
1755 1024 1930 1073 saeptus

155 1103 333 1147 armatis
373 1116 453 1157 per
489 1103 635 1146 urbem
674 1104 863 1156 incessit,
903 1116 1028 1146 nemo
1057 1101 1240 1156 supplici
1269 1100 1399 1154 voltu,
1429 1101 1506 1143 sed
1535 1100 1684 1142 tristes
1713 1104 1758 1142 et
1787 1104 1929 1142 truces
1944 1115 1986 1146 10

155 1187 202 1227 et
239 1183 465 1227 adversum
504 1183 680 1237 plausus
720 1195 770 1226 ac
798 1183 1017 1226 lasciviam
1055 1181 1299 1225 insultantis
1338 1180 1452 1233 volgi
1480 1179 1713 1222 inmobiles.
1771 1191 1931 1232 paucos

156 1275 379 1317 erumpere
407 1275 535 1306 ausos
564 1263 824 1306 circumiecti
851 1274 1069 1316 pressere;
1111 1261 1242 1304 ceteri
1271 1261 1315 1303 in
1346 1260 1583 1303 custodiam
1613 1258 1787 1311 conditi,
1825 1257 1930 1300 nihil

156 1343 380 1398 quisquam
417 1342 587 1386 locutus
627 1343 859 1397 indignum,
900 1347 945 1386 et
975 1353 1216 1396 quanquam
1246 1340 1358 1382 inter
1386 1340 1580 1392 adversa,
1610 1337 1730 1381 salva
1758 1338 1930 1381 virtutis

154 1422 281 1466 fama.
342 1421 440 1465 dein
459 1421 619 1465 Lucius
647 1421 846 1465 Vitellius
874 1420 1142 1475 interficitur,
1172 1433 1253 1474 par
1282 1420 1397 1462 vitiis
1426 1418 1587 1472 fratris,
1616 1418 1659 1461 in
1688 1402 1930 1471 principatu

157 1503 250 1546 eius
289 1501 534 1556 vigilantior
576 1514 654 1545 nec
678 1502 855 1555 perinde
883 1501 1100 1556 prosperis
1129 1501 1270 1543 socius
1297 1511 1426 1553 quam
1456 1499 1648 1541 adversis
1677 1497 1929 1540 abstractus.
1945 1514 1986 1545 15

155 1581 218 1637 (3)
248 1582 385 1625 isdem
415 1581 565 1625 diebus
583 1580 775 1624 Lucilius
797 1582 960 1625 Bassus
990 1592 1084 1623 cum
1114 1579 1312 1633 expedito
1342 1579 1484 1633 equite
1514 1578 1571 1620 ad
1601 1577 1930 1631 componendam

155 1660 430 1716 Campaniam
450 1661 651 1715 mittitur,
680 1661 946 1704 discordibus
966 1660 1289 1714 municipiorum
1309 1658 1461 1702 animis
1491 1657 1627 1711 magis
1655 1657 1768 1699 inter
1796 1660 1932 1700 semet

155 1754 282 1797 quam
313 1741 579 1785 contumacia
608 1742 815 1784 adversus
845 1741 1092 1795 principem.
1151 1740 1242 1782 viso
1283 1738 1418 1782 milite
1457 1738 1576 1792 quies
1617 1741 1661 1779 et
1698 1735 1931 1779 minoribus

155 1821 332 1866 coloniis
351 1822 595 1875 inpunitas:
626 1820 798 1875 Capuae
818 1821 929 1875 legio
950 1821 1081 1864 tertia
1110 1819 1326 1862 hiemandi
1356 1830 1485 1861 causa
1513 1817 1678 1860 locatur
1707 1822 1753 1860 et
1781 1817 1931 1859 domus

156 1901 348 1945 illustres
368 1900 564 1954 afflictae,
595 1913 688 1944 cum
720 1907 869 1944 contra
888 1900 1216 1943 Tarracinenses
1244 1898 1360 1941 nulla
1388 1910 1468 1951 ope
1495 1897 1751 1940 iuvarentur.
1811 1901 1931 1939 tanto
1944 1909 1988 1940 ιο

156 1981 387 2036 proclivius
410 1986 475 2025 est
495 1981 677 2025 iniuriae
700 1992 826 2035 quam
846 1978 1048 2024 beneficio
1078 1980 1211 2022 vicem
1243 1977 1472 2031 exsolvere,
1502 1977 1602 2031 quia
1630 1976 1771 2029 gratia
1799 1976 1932 2028 oneri,

155 2061 263 2104 ultio
301 2063 346 2104 in
375 2067 559 2116 quaestu
589 2059 783 2104 habetur.
846 2060 1004 2103 solacio
1034 2058 1118 2102 fuit
1146 2071 1294 2102 servus
1324 2057 1516 2111 Verginii
1547 2056 1778 2110 Capitonis,
1807 2067 1931 2110 quem

156 2141 419 2196 proditorem
459 2140 828 2184 Tarracinensium
870 2140 1067 2193 diximus,
1106 2137 1296 2193 patibulo
1337 2135 1502 2179 adfixus
1542 2136 1587 2178 in
1616 2137 1750 2178 isdem
1779 2134 1931 2189 anulis,

292 2270 315 2301 4
337 2268 541 2308 ignouilitate
680 2269 700 2299 ὁ
738 2267 901 2298 tarracina
934 2267 1054 2310 (notan
1079 2266 1141 2298 del.
1171 2263 1233 2308 lm)
1372 2266 1391 2296 6
1428 2260 1668 2306 exstinguilque
1789 2258 1929 2304 erciam}

158 2316 177 2347 ‘1
218 2315 355 2346 latrabo
379 2315 477 2345 uillas
570 2315 590 2344 9
630 2319 742 2353 septus
859 2316 898 2344 11
939 2314 1046 2344 adusi
1081 2313 1179 2353 plas3
1296 2312 1336 2341 12
1361 2318 1510 2349 pressere
1537 2316 1743 2351 (oppressere
1767 2303 1928 2349 Fam)

158 2362 201 2392 14
224 2361 288 2392 frte
310 2360 418 2400 (fratri
439 2358 601 2399 Fam)
693 2361 733 2390 16
758 2359 840 2390 lude
863 2363 961 2400 (corr.
988 2358 1066 2399 lm.)
1151 2359 1194 2389 22
1222 2355 1368 2395 Verginii
1391 2355 1601 2386 namtas-us.-
1623 2354 1718 2392 sigilii

157 2486 246 2526 gotia
280 2486 423 2526 publica.
472 2486 512 2516 ef.
539 2487 619 2524 Agr.
646 2487 663 2516 7
676 2496 682 2515 ;
717 2484 826 2516 iuvene
854 2484 1027 2516 admodum
1058 2480 1257 2526 obseram]
1284 2482 1422 2512 adversa
1443 2480 1553 2511 fratris
1570 2480 1702 2510 fortuna
1718 2482 1815 2518 atque
1832 2478 1930 2509 exitio

158 2542 343 2575 Domitiam>
365 2547 395 2574 et
418 2552 458 2573 σω
473 2547 614 2583 paterna
638 2541 770 2576 fortuna
792 2545 915 2573 tamn
930 2542 1026 2573 Reon-
1062 2547 1093 2573 et
1116 2542 1187 2580 ipse
1213 2540 1354 2570 afflictus
1376 2538 1409 2567 in
1434 2537 1675 2576 perniciemque
1690 2535 1846 2574 abreptus
1870 2539 1930 2574 eat,

155 2600 236 2632 uon
280 2603 464 2640 aucupante.
524 2604 669 2630 ceterum
709 2599 898 2630 Ernestius.
940 2598 1025 2637 »Qui
1063 2603 1098 2629 ut
1121 2600 1208 2629 Ann.
1234 2599 1267 2636 4,
1294 2597 1344 2626 13.
1370 2595 1456 2627 Eun.
1497 2594 1538 2625 cs.
1568 2595 1599 2631 2,
1624 2594 1685 2624 64:
1721 2592 1831 2623 domae
1854 2601 1931 2623 uuae

158 2662 282 2689 attente
325 2657 407 2688 haec
443 2658 565 2697 leget«,
610 2657 727 2697 inquit,
768 2656 1027 2687 »animadvertet
1060 2659 1183 2686 mmm
1212 2653 1352 2684 advena
1375 2651 1482 2682 nemi&
1508 2653 1539 2689 3,
1560 2650 1621 2681 6⁷:
1645 2649 1727 2679 nim
1741 2649 1931 2689 principatu

158 2714 282 2754 aliquid
306 2723 389 2753 esee,
414 2715 502 2753 quod
517 2714 672 2744 offendat.
721 2718 887 2744 constaret
912 2713 1026 2750 oratio,
1057 2712 1110 2750 fili
1146 2710 1301 2742 adsecuta
1338 2708 1403 2739 nisi
1438 2707 1566 2738 lucum.
1616 2708 1650 2745 4,
1689 2707 1755 2737 ⁶2:
1796 2705 1931 2736 κωύκ

158 2771 188 2802 ei
202 2776 291 2802 esset
303 2779 401 2810 apem
417 2780 477 2811 pro
493 2770 617 2809 cachat,
635 2769 769 2808 autad,
783 2770 870 2809 quod
887 2774 937 2801 est
952 2775 1027 2809 post
1055 2767 1268 2808 principibus,
1293 2774 1423 2805 quorum
1440 2763 1608 2804 proepen'e
1632 2767 1661 2793 et
1684 2762 1744 2793 alis·
1763 2763 1930 2801 snas-w,

157 2827 304 2868 m,
328 2833 406 2859 ante
427 2827 598 2859 nondum«
640 2827 697 2858 sed
723 2827 855 2857 Tacitus
878 2826 1028 2865 mlqaria
1060 2825 1200 2856 adver-m
1223 2824 1270 2855 ad
1291 2821 1503 2854 &meinos
1520 2820 1711 2860 pere-'omna

159 2885 278 2924 m,
301 2889 338 2915 ut
360 2885 407 2916 ait
428 2885 598 2916 Horatius.
634 2901 679 2907 -—
715 2883 750 2914 in
783 2883 862 2914 bello
886 2883 1024 2924 obscuri]
1107 2883 1137 2913 3.
1162 2880 1306 2912 Laeuius
1331 2876 1467 2921 Bassus]
1493 2878 1572 2908 olim
1595 2877 1710 2907 classis
1727 2876 1930 2907 Ravennatis

162 2942 195 2981 8,
229 2941 293 2972 ⁸2:
333 2942 430 2973 ceteri
462 2942 557 2973 dnum
589 2942 624 2972 ὑι
659 2939 813 2972 obseura.-
851 2941 1026 2973 Aquoniam
1062 2939 1259 2979 praefectus.
1295 2939 1326 2974 2,
1354 2937 1427 2968 100.
1466 2935 1497 2973 8,
1524 2936 1576 2965 12.
1612 2950 1657 2957 -
1690 2932 1932 2972 ιιωιιίοίρίοπηι

162 2997 294 3029 fortuna
308 2997 467 3038 sanaque
491 2998 628 3030 omnm
644 2997 956 3039 oculiseaepoeuerat.
982 3015 1026 3021 —
1061 2995 1189 3035 anania]
1215 2994 1257 3025 ef.
1280 2995 1311 3032 3,
1336 2994 1390 3023 ⁶7.
1425 3008 1469 3014 ——
1504 2989 1644 3030 Oapuae]
1669 2989 1748 3020 urbs
1781 2990 1862 3020 haee
1885 2989 1932 3020 ita

161 3054 324 3095 oooeapm]
347 3057 546 3095 praeveniri.
590 3056 770 3086 Tarracina
793 3056 856 3087 sita
878 3057 911 3086 in
938 3055 1026 3086 le.
1063 3053 1179 3093 punita
1200 3056 1259 3088 est,
1285 3050 1363 3089 quia
1388 3048 1521 3079 Vitellio
1545 3047 1611 3077 fida
1634 3047 1748 3077 suerat.
1783 3047 1824 3077 et.
1849 3045 1928 3077 ibid.

161 3112 304 3143 miliario
327 3112 401 3143 viae
417 3114 555 3153 Appiae,
579 3113 691 3144 Aricia
705 3114 740 3143 in
757 3113 845 3142 XVI.
872 3112 1026 3143 eiusdem.
1063 3127 1106 3132 —
1149 3105 1409 3146 Tarracinenses]
1444 3106 1484 3136 de
1523 3113 1660 3144 quorum
1695 3103 1818 3135 meritis
1853 3112 1932 3143 erga

161 3169 299 3200 Dumni-
334 3186 377 3193 —
412 3167 573 3213 Bovillae]
599 3170 755 3210 oppidum
780 3164 877 3206 Latii,
903 3167 943 3198 X.
969 3167 1027 3197 mi-
1063 3165 1241 3196 Flavianae
1286 3168 1395 3204 partes
1441 3171 1475 3194 v.
1523 3163 1554 3201 3,
1603 3161 1656 3192 76.
1719 3159 1932 3191 nihilominu-

162 3226 257 3257 liario
280 3225 323 3256 ab
347 3224 668 3270 urbm—prenae]
695 3227 834 3266 simplex
857 3235 917 3265 pro
941 3234 1027 3255 com·
1064 3223 1152 3253 nulla
1199 3230 1260 3260 0pe
1307 3219 1406 3251 adiuti
1452 3221 1538 3249 eunt-
1590 3232 1636 3241 —
1687 3216 1797 3255 untia
1832 3214 1932 3257 oum]

162 3283 269 3322 posito
300 3291 494 3322 oppreme-
540 3284 583 3316 εἰ.
617 3288 702 3315 Ann.
740 3285 793 3322 14,
830 3284 858 3314 δ.
903 3283 956 3321 16,
990 3281 1029 3310 9:
1063 3279 1176 3310 Cicero
1200 3278 1315 3308 Plane.
1337 3277 1356 3316 ὅ
1381 3277 1443 3307 ⁷8:
1479 3274 1544 3305 leve
1577 3274 1659 3305 onim
1691 3276 1737 3304 ed
1766 3282 1844 3305 om
1882 3271 1931 3304 be-

162 3339 338 3381 (St'lamm)
365 3340 472 3380 proni
493 3350 517 3371 a
538 3340 689 3372 nala-'bue
720 3339 814 3372 ἑκόοι.
860 3339 903 3371 cf.
929 3338 1026 3378 Vei-g.
1064 3334 1171 3376 nefieit'
1190 3334 1311 3375 aratia.
1336 3350 1379 3356 —
1403 3328 1554 3374 ἀοι-ιω]
1581 3331 1612 3369 8,
1640 3331 1694 3362 77.
1733 3346 1777 3353 -
1815 3326 1932 3372 σκαιοὶ]

162 3388 304 3435 Δοιι.”9,
328 3398 412 3429 88οτ
452 3397 701 3436 anniane-que
723 3397 815 3428 Bene·
835 3395 961 3437 pre-uit.
988 3412 1029 3417 —
1066 3394 1211 3432 equitum
1234 3392 1456 3422 Romanorum
1481 3388 1620 3428 insigni3
1652 3386 1686 3418 ld
1709 3387 1840 3425 tatum,
1865 3395 1930 3425 quo

1567 3441 1653 3483 30*
