2176 3672
778 234 952 278 LIBER
980 235 1034 278 11.
1095 234 1197 289 Cap.
1228 236 1268 278 4.
1299 236 1338 279 5.
1369 236 1407 279 6.
1896 235 1980 279 315

205 350 365 394 classes
392 361 597 404 regesque
625 361 676 392 ac
704 361 854 392 nomen
884 349 1048 404 dispari
1087 349 1202 393 fama
1231 350 1405 394 celebre.
1465 349 1532 406 (5)
1562 350 1853 405 Vespasianus
1883 363 1981 395 acer

206 430 386 474 militiae
414 430 578 474 anteire
607 439 780 483 agmen,
810 429 949 473 locum
980 430 1133 473 castris
1165 443 1339 485 capere,
1369 434 1496 475 noctu
1526 431 1684 485 diuque
1713 431 1886 475 consilio
1917 444 1980 485 ac,

204 512 243 554 si
271 496 343 554 res
369 512 580 565 posceret,
609 522 739 553 manu
769 509 964 553 hostibus
992 510 1140 564 obniti,
1172 510 1264 554 cibo
1294 510 1487 564 fortuito,
1517 514 1636 554 veste
1655 510 1890 566 habituque
1910 511 1981 555 vix

206 603 234 634 a
252 591 446 646 gregario
476 590 611 633 milite
630 589 900 644 discrepans3
931 603 1120 644 prorsus,
1150 591 1188 634 si
1219 592 1400 634 avaritia
1429 591 1612 644 abesset,
1643 592 1830 646 antiquis
1859 592 1978 635 duci-

203 671 284 714 bus
313 683 404 725 par.
462 671 706 714 Mucianum
737 682 760 713 e
790 670 1003 713 contrario
1032 670 1348 725 magnificentia
1377 675 1421 715 et
1449 685 1552 726 opes
1582 675 1627 715 et
1656 675 1809 715 cuncta
1836 672 1978 726 priva-

203 754 295 794 tum
314 751 486 793 modum
506 763 783 805 supergressa
798 750 1080 803 extollebant3
1111 752 1252 805 aptior
1269 764 1474 805 sermone,
1495 751 1706 806 dispositu
1722 752 1980 807 provisuque

203 830 390 875 civilium
409 843 550 874 rerum
570 831 757 884 peritus:
789 831 1005 885 egregium
1025 831 1291 885 principatus
1311 835 1706 886 temperamentum,
1737 833 1774 875 si
1793 833 1978 886 demptis

202 911 425 966 utriusque
463 911 582 953 vitiis
624 910 739 954 solae
779 911 962 954 virtutes
1004 912 1293 955 miscerentur.
1349 915 1535 955 ceterum
1577 912 1647 955 hic
1690 911 1859 966 Syriae,
1906 912 1979 955 ille

200 991 387 1035 Iudaeae
430 991 702 1045 praepositus
715 1025 725 1044 ,
777 991 927 1034 vicinis
971 992 1286 1045 provinciarum
1333 992 1774 1035 administrationibus
1817 993 1978 1035 invidia

202 1071 442 1124 discordes,
483 1071 602 1114 exitu
639 1071 808 1114 demum
847 1071 1028 1115 Neronis
1065 1072 1216 1126 positis
1255 1072 1366 1115 odiis
1408 1072 1451 1114 in
1488 1073 1676 1115 medium
1715 1072 1976 1126 consuluere,

201 1152 385 1205 primum
414 1164 492 1205 per
521 1152 691 1204 amicos,
721 1152 818 1195 dein
848 1152 1080 1206 praecipua
1109 1153 1358 1195 concordiae
1386 1150 1492 1195 fides
1522 1153 1645 1195 Titus
1675 1166 1810 1206 prava
1840 1156 1976 1196 certa-

202 1232 318 1274 mina
346 1232 556 1274 communi
585 1231 774 1275 utilitate
804 1232 1067 1286 aboleverat,
1109 1235 1268 1275 natura
1304 1235 1432 1286 atque
1471 1236 1564 1276 arte
1595 1233 1853 1286 compositus
1883 1233 1976 1275 alli-

202 1311 363 1355 ciendis
384 1312 513 1355 etiam
534 1311 720 1355 Muciani
739 1311 941 1355 moribus.
987 1312 1148 1355 tribuni
1172 1312 1522 1367 centurionesque
1553 1316 1597 1356 et
1615 1312 1764 1367 volgus
1792 1313 1975 1356 militum

201 1391 415 1435 industria
443 1391 627 1445 licentia,
656 1405 733 1446 per
761 1392 943 1435 virtutes
972 1405 1050 1446 per
1079 1392 1343 1447 voluptates,
1373 1395 1423 1435 ut
1453 1393 1605 1447 cuique
1632 1394 1868 1447 ingenium,
1899 1394 1975 1435 ad-

2016 681 2036 711 5

1992 1080 2034 1112 10

201 1471 501 1515 sciscebantur.
560 1471 626 1526 (6)
656 1475 884 1527 antequam
915 1473 1038 1515 Titus
1068 1473 1331 1526 adventaret,
1362 1477 1673 1516 sacramentum
1694 1473 1876 1516 Othonis
1905 1486 1974 1517 ac·
1990 1483 2032 1513 15

200 1554 374 1606 ceperat
412 1554 592 1607 uterque
631 1553 862 1606 exercitus,
903 1553 1208 1607 praecipitibus
1222 1587 1232 1606 ,
1275 1556 1324 1595 ut
1353 1553 1535 1606 adsolet,
1578 1554 1738 1596 nuntiis
1778 1558 1821 1596 et
1850 1554 1976 1596 tarda

204 1631 313 1675 mole
352 1632 489 1675 civilis
526 1631 647 1685 belli,
689 1633 804 1687 quod
842 1632 970 1688 longa
1009 1634 1232 1676 concordia
1266 1633 1436 1688 quietus
1466 1633 1616 1677 Oriens
1654 1637 1755 1677 tunc
1792 1634 1974 1688 primum

293 1783 313 1812 2
347 1784 423 1812 ante
446 1782 498 1812 Ire
590 1780 644 1823 314
669 1782 725 1812 uix
749 1783 942 1822 aggregario
974 1782 1088 1825 (prim.
1113 1793 1135 1822 g
1167 1782 1226 1814 del.
1256 1781 1318 1826 lm)
1413 1785 1433 1815 8
1456 1784 1602 1826 uiriusq3
1696 1782 1750 1826 819
1776 1784 1835 1823 ille
1870 1784 1972 1824 Iudee

169 1854 174 1862 .
204 1828 224 1858 9
249 1828 434 1867 prepositus
506 1830 547 1860 10
572 1828 662 1859 exitu-1
685 1830 807 1865 (notam
831 1829 890 1860 del.
910 1830 975 1866 lm)
1047 1831 1089 1861 13
1113 1829 1254 1860 mociani
1325 1830 1366 1861 16
1392 1829 1586 1870 precipitib3
1611 1840 1644 1869 a,
1669 1830 1886 1870 precipitibus
1910 1830 1970 1860 b2:

202 1873 332 1914 precib3
354 1871 360 1916 Ι
380 1872 581 1915 (pernicibus
604 1872 714 1915 Iacob)
806 1879 856 1906 set
878 1876 917 1905 L.
942 1875 1077 1915 Spenyel

1103 2009 1186 2038 quae
1208 2004 1321 2040 ageret
1353 2000 1502 2040 circaque
1534 2001 1705 2032 haberet.“
1754 2002 1840 2041 Quin
1865 2003 1967 2033 immo

1102 2057 1164 2088 hoc
1186 2058 1270 2097 vult,
1295 2057 1534 2097 Vespasianum
1551 2058 1652 2089 fuisse
1670 2058 1777 2089 virum
1794 2060 1969 2090 militarem

1102 2114 1244 2153 antiquis
1269 2114 1404 2145 ducibus
1436 2124 1539 2154 prope
1563 2116 1863 2155 aequiparandum,
1898 2117 1967 2147 Mu-

202 1999 352 2038 repetitio
375 2009 408 2029 v.
425 1998 519 2030 labor
541 2002 638 2038 atque
662 2000 796 2039 insuper
819 2004 1066 2041 praeposterum

200 2056 338 2097 praebet
370 2052 554 2098 ὀξῦμωρον.
603 2055 717 2096 ltaque
751 2058 925 2097 legendum
950 2067 1066 2089 censeo

200 2114 359 2154 inexperti
380 2114 454 2144 belli
468 2113 569 2144 dolor.
594 2114 657 2145 hoc
672 2115 760 2146 enim
784 2116 877 2146 dicit:
902 2115 1065 2152 dolebant,

173 2208 178 2212 ⁵
201 2173 289 2212 quod
312 2172 436 2203 bellum
460 2182 527 2203 non
552 2172 677 2211 experti
701 2176 814 2212 erant,
847 2173 940 2211 isque
974 2172 1066 2202 dolor
1101 2170 1230 2202 cianum
1253 2171 1415 2210 insignem
1432 2168 1611 2204 πολιτικόν.
1636 2173 1676 2203 cf.
1695 2173 1774 2212 Agr.
1794 2175 1836 2205 39
1862 2174 1970 2204 studia

198 2231 349 2269 vigorem
381 2229 428 2261 eis
458 2230 637 2261 addiderat.
678 2230 720 2260 cf.
747 2232 778 2270 1,
802 2230 822 2261 5
848 2229 930 2268 pan·
959 2228 1067 2260 dolore
1091 2228 1168 2267 fori
1188 2233 1217 2259 et
1240 2228 1380 2259 civilium
1402 2229 1521 2259 artium
1545 2228 1649 2259 decus.
1681 2231 1768 2263 Anu.
1788 2233 1820 2270 3,
1840 2233 1881 2263 ‘15
1907 2235 1970 2262 sta—

199 2287 365 2318 eommoda
396 2287 506 2318 aliena
528 2298 568 2318 ae
591 2297 668 2318 suas
691 2287 826 2318 iniurias
849 2286 1064 2317 metiebantur.
1103 2285 1166 2316 diis
1189 2286 1344 2316 civilibus.
1379 2285 1511 2317 Curtius
1536 2287 1567 2324 6,
1595 2288 1634 2317 ll
1648 2308 1657 2325 ,
1685 2290 1701 2318 1
1730 2288 1828 2327 pacis
1852 2288 1968 2319 artium

202 2362 247 2369 -
270 2343 401 2388 chem]
424 2345 522 2376 Ponti
536 2368 544 2384 ,
569 2345 695 2385 Syriae,
718 2345 871 2385 Aegypti.
898 2361 943 2367 ——
966 2353 1066 2382 reyes·
1102 2347 1131 2373 et
1154 2342 1259 2374 civicis
1281 2342 1407 2374 habitus
1429 2342 1537 2381 rudis,
1573 2348 1661 2375 vetus
1691 2344 1788 2375 maes.
1829 2345 1968 2384 Quintil.

200 2400 272 2446 que]
309 2403 490 2434 Antiochus
526 2412 583 2434 rex
619 2403 876 2442 Commagenes,
917 2402 1067 2441 Agrippa
1102 2402 1177 2432 inst.
1203 2410 1249 2432 or.
1285 2410 1427 2439 prooem.
1458 2402 1498 2432 10
1533 2401 1583 2431 vir
1615 2401 1667 2432 ille
1699 2412 1769 2432 vere
1803 2402 1908 2433 civilis
1939 2407 1969 2433 et

199 2459 303 2499 partis
326 2459 548 2497 Palaestinae,
585 2468 668 2498 quae
701 2462 828 2499 spectat
850 2460 935 2490 inter
960 2459 1065 2490 orien—
1095 2457 1299 2498 publia-arum
1326 2457 1588 2497 privatarumque
1621 2469 1726 2489 rerum
1762 2458 1968 2489 administra-

198 2520 265 2548 tem
288 2519 320 2548 et
339 2516 591 2556 septentriones,
616 2515 796 2548 Sohaemus
813 2517 994 2556 Sophenes.
1020 2516 1061 2546 cf.
1101 2515 1184 2546 tioni
1203 2514 1470 2546 accommodatus.
1519 2516 1671 2547 Ceterum
1691 2516 1740 2546 his
1757 2515 1798 2546 de
1814 2516 1964 2547 Muciano

198 2583 227 2604 c.
245 2574 301 2606 81.
324 2574 358 2612 5,
383 2575 413 2604 1.
1101 2572 1183 2603 adde
1216 2581 1315 2611 supra
1347 2572 1434 2602 dicta
1468 2575 1483 2603 1
1500 2595 1508 2611 ,
1535 2573 1586 2603 10.
1622 2590 1666 2595 —-
1699 2571 1892 2615 aboleverat]
1926 2573 1966 2604 de

247 2631 278 2661 ⁶.
325 2641 402 2662 acer
422 2629 570 2673 militiae]
605 2631 689 2662 Vell.
717 2632 756 2666 1,
781 2632 813 2669 3,
842 2633 857 2662 1
894 2640 970 2661 acer
993 2629 1068 2659 belli
1100 2629 1162 2660 hoc
1195 2638 1256 2661 usu
1290 2629 1600 2668 plusquamperfecti
1635 2630 1676 2661 cf.
1709 2630 1837 2668 Drc'iqer
1874 2630 1965 2669 Synt-

200 2688 332 2720 iuvenie.
374 2689 416 2719 cf.
450 2690 578 2727 Draqer
610 2688 702 2728 Synt.
733 2689 753 2729 ἓ
780 2689 818 2719 71
835 2697 863 2718 a.
892 2705 935 2710 —-
972 2691 1065 2718 noctu
1100 2687 1120 2727 ἓ
1138 2687 1178 2718 27
1191 2685 1223 2717 b.

200 2743 330 2789 diuque]
356 2748 387 2784 3,
414 2747 456 2778 '16
480 2750 574 2777 noctu
597 2745 719 2784 dieque.
751 2746 837 2776 Anu.
866 2746 917 2782 15,
943 2746 984 2775 12
1010 2743 1082 2774 diu'
1147 2746 1177 2775 6.
1218 2742 1452 2783 praecipt'tibua
1478 2759 1522 2765 —
1546 2740 1677 2786 nuntiis]
1713 2754 1740 2775 c.
1767 2745 1807 2774 41
1836 2745 1965 2783 praeci-

198 2807 360 2842 noctuque.
394 2803 471 2835 Sall.
497 2804 568 2843 lug.
595 2805 649 2842 38,
669 2806 688 2836 3
714 2806 746 2834 et
769 2804 826 2842 44,
845 2803 865 2834 5
890 2802 946 2832 diu
961 2805 1064 2832 noctu-
1094 2801 1177 2840 pitea
1202 2800 1429 2840 eqoloracores.
1469 2799 1606 2830 Medicei
1627 2800 1774 2839 precibus
1791 2804 1897 2832 ortum
1915 2805 1965 2832 est

201 2869 268 2898 que,
295 2861 349 2899 70,
370 2862 387 2891 1
415 2859 466 2890 die
488 2865 653 2900 noctuque.
677 2878 722 2883 ——-
746 2860 815 2891 cibo
828 2857 981 2902 fortuito]
1008 2858 1063 2888 ob·
1100 2858 1229 2889 omissis
1252 2862 1288 2888 ut
1311 2867 1409 2897 saepe
1433 2856 1548 2887 mediis
1573 2857 1721 2896 syllabis.
1756 2858 1881 2888 facilior
1904 2858 1964 2898 igi-

200 2916 277 2955 vio,
314 2917 409 2948 facile
440 2917 599 2956 parabili,
633 2915 684 2960 τῷ
717 2914 859 2960 τυχόντι.
882 2934 926 2940 -—
958 2916 1065 2956 aptior
1100 2919 1151 2945 tur
1176 2918 1208 2946 et
1231 2914 1435 2954 probabilior
1467 2914 1547 2944 haec
1571 2913 1754 2944 emendatio
1790 2923 1888 2953 quam
1911 2915 1963 2945 Ia-

201 2973 352 3013 eermone]
379 2974 420 3004 cf.
446 2984 473 3005 c.
493 2975 535 3006 86
561 2984 701 3005 εενπιοηε
719 2978 895 3014 promptus.
921 2992 964 2996 --
999 2973 1064 3003 dia·
1099 2971 1171 3003 cobi
1190 2971 1390 3011 pernicibus,
1425 2979 1620 3009 quamquam
1646 2973 1684 3010 3,
1711 2971 1755 3002 40
1781 2971 1964 3011 pernicibus

194 3029 305 3068 positu
320 3030 513 3070 provisuque
536 3031 675 3062 cimZium
698 3031 813 3071 rerum]
839 3030 920 3061 Cum
938 3030 1063 3062 Savilio
1099 3030 1215 3060 nuntiis
1241 3029 1390 3068 legimus.
1429 3027 1525 3058 nimis
1549 3031 1663 3066 argute
1681 3027 1825 3059 Heraeus
1849 3029 1962 3060 discri—

200 3086 282 3117 haec
298 3095 376 3118 sane
391 3088 629 3128 coniungenda,
653 3075 858 3127 nequaquam
882 3087 1065 3127 separanda
1100 3096 1173 3117 men
1206 3085 1368 3125 quoddam
1398 3085 1483 3115 inter
1510 3094 1666 3123 praeceps
1691 3088 1723 3115 et
1748 3085 1866 3124 pernix
1899 3090 1962 3117 sta—

200 3152 273 3173 cum
297 3142 488 3183 Gronovio,
522 3145 577 3182 qui
600 3145 708 3184 aptior
740 3155 881 3177 sermone
912 3145 1065 3184 dispositu
1100 3149 1189 3175 tuere
1215 3146 1361 3174 conatur.
1400 3145 1571 3179 utrumque
1605 3142 1691 3172 enim
1722 3141 1962 3174 festinationem

196 3200 388 3239 provisuque
411 3201 545 3231 iunctim
568 3202 671 3241 accipi
695 3202 818 3241 voluit,
844 3205 880 3232 ut
903 3202 1065 3241 significet
1100 3201 1260 3239 significat
1283 3203 1315 3230 et
1339 3198 1482 3230 tarditati
1506 3198 1627 3237 opponi
1651 3201 1768 3237 potest.
1795 3217 1837 3222 -—
1862 3199 1962 3230 tarda

201 3257 332 3288 Tacitus
366 3258 576 3295 „Mucianum
608 3259 840 3298 elegantiorem
873 3263 905 3290 et
929 3259 1062 3298 diligen·
1097 3258 1187 3298 mole]
1214 3261 1270 3296 „et
1293 3256 1385 3287 tarde
1409 3255 1576 3285 dumtaxat
1598 3264 1658 3285 nec
1682 3256 1751 3286 sine
1776 3257 1878 3287 multa
1900 3257 1961 3287 cir-

201 3314 317 3345 tiorem
335 3313 435 3346 fuisse
451 3314 485 3345 in
501 3315 714 3354 dispositione
729 3319 761 3347 et
777 3316 891 3347 ordine
908 3316 1062 3354 omnium,
1080 3278 1083 3346 Ι
1098 3314 1337 3354 cumspectione
1373 3311 1571 3352 suscipiebat
1605 3311 1725 3343 Oriens
1759 3313 1858 3344 civile
1894 3313 1961 3343 bel-
