2176 3672
735 244 908 289 LIBER
935 245 1009 288 IV.
1070 245 1170 300 Cap.
1204 246 1243 288 7.
1275 246 1314 290 8.
1343 245 1384 288 9.
1859 239 1946 284 465

171 359 288 403 citiis
318 358 439 402 locus
468 358 592 403 foret.
637 359 742 402 nihil
763 361 966 412 evenisse,
996 372 1072 403 cur
1090 361 1327 416 antiquitus
1346 359 1544 403 instituta
1565 358 1854 401 exolescerent
1872 359 1947 398 aut

173 439 381 494 principis
409 438 546 482 honor
586 440 629 483 in
660 441 907 495 cuiusquam
948 440 1247 484 contumeliam
1277 443 1537 490 verteretur3
1578 435 1773 481 sufficere
1802 448 1949 478 omnes

174 518 391 580 obsequio.
426 520 471 563 id
479 531 629 574 magis
646 519 880 574 vitandum,
900 532 954 564 ue
973 520 1213 574 pervicacia
1231 520 1491 574 quorundam
1512 518 1764 560 inritaretur
1782 516 1948 559 animus

173 611 286 643 novo
314 600 559 655 principatu
579 612 814 654 suspensus
842 605 888 644 et
906 600 1049 643 voltus
1069 612 1234 655 quoque
1254 613 1304 643 ac
1324 611 1540 643 sermones
1562 598 1748 640 omnium
1769 597 1947 640 circum·

173 682 386 734 spectans.
408 692 455 723 se
474 681 715 723 meminisse
734 685 987 734 temporum,
1003 680 1156 735 quibus
1177 684 1301 722 natus
1323 680 1394 730 sit,
1413 690 1540 733 quam
1562 677 1747 720 civitatis
1768 676 1949 719 formam
1963 692 1983 722 5

172 763 322 814 patres
364 761 516 815 avique
557 761 847 813 instituerint;
889 761 1095 804 ulteriora
1137 760 1306 813 mirari,
1348 759 1591 813 praesentia
1632 757 1774 811 sequi;
1816 755 1949 798 bonos

173 841 457 895 imperatores
476 845 577 883 voto
598 846 809 895 expetere,
830 841 1155 895 qualescumque
1176 840 1371 884 tolerare.
1401 852 1483 881 non
1503 838 1640 892 magis
1660 849 1738 879 sua
1757 835 1950 878 oratione

176 919 411 964 Tilraseam
441 934 567 975 quam
598 922 755 964 iudicio
785 927 960 965 senatus
1003 920 1241 964 adflictum:
1281 920 1503 964 saevitiam
1534 917 1714 961 Neronis
1743 929 1821 970 per
1860 915 1950 957 eius

174 998 291 1042 modi
311 999 517 1052 imagines
536 998 749 1052 inlusisse,
770 1012 846 1043 nec
866 1001 1006 1043 minus
1027 1000 1109 1043 sibi
1130 1001 1297 1044 anxiam
1319 999 1447 1042 talem
1469 998 1698 1041 amicitiam
1713 1008 1839 1050 quam
1856 994 1952 1037 aliis

173 1078 360 1123 exilium
419 1079 601 1132 denique
631 1079 871 1122 constantia
900 1078 1153 1122 fortitudine
1184 1079 1415 1123 Catonibus
1445 1083 1490 1122 et
1521 1078 1665 1121 Brutis
1693 1079 1952 1130 aequaretur
1966 1090 2010 1120 ιο

177 1158 426 1202 Helvidius:
468 1170 515 1201 se
554 1171 682 1201 unum
726 1170 820 1202 esse
850 1171 903 1202 ex
942 1159 1016 1202 illo
1036 1163 1201 1212 senatu,
1232 1160 1306 1213 qui
1341 1158 1467 1202 simul
1505 1158 1714 1201 servierit,
1773 1156 1953 1199 suadere

177 1240 306 1283 etiam
350 1238 521 1292 Prisco,
554 1251 608 1282 ne
647 1251 778 1292 supra
818 1240 1052 1294 principem
1084 1241 1309 1283 scanderet
1323 1275 1334 1293 ,
1379 1252 1432 1282 ne
1463 1239 1775 1293 Vespasianum
1811 1246 1953 1278 senem

174 1318 494 1374 triumphalem,
523 1319 722 1362 iuvenum
743 1318 973 1362 liberorum
993 1324 1160 1374 patrem
1182 1321 1422 1374 praeceptis
1453 1324 1678 1363 coerceret.
1723 1329 1806 1372 quo
1828 1316 1954 1363 modo

173 1400 376 1455 pessimis
415 1399 745 1453 imperatoribus
783 1400 876 1443 sine
914 1399 998 1443 fine
1041 1401 1385 1454 dominationem,
1433 1400 1496 1442 ita
1540 1399 1732 1454 quamvis
1772 1395 1955 1450 egregiis

176 1481 346 1524 modum
374 1479 587 1522 libertatis
615 1479 796 1533 placere.
846 1479 951 1523 haec
980 1481 1146 1533 magnis
1175 1481 1389 1535 utrimque
1418 1479 1759 1523 contentionibus
1788 1477 1949 1519 iactata
1970 1486 2013 1518 ιε

175 1560 358 1604 diversis
387 1560 543 1603 studiis
572 1560 900 1614 accipiebantur.
962 1561 1067 1604 vicit
1094 1573 1209 1615 pars,
1239 1573 1348 1616 quae
1378 1561 1522 1604 sortiri
1560 1560 1725 1614 legatos
1755 1555 1956 1612 malebat,

176 1640 307 1684 etiam
336 1639 487 1682 mediis
517 1643 690 1692 patrum
720 1639 1012 1682 adnitentibus
1047 1641 1234 1683 retinere
1274 1653 1459 1692 morem;
1502 1643 1546 1682 et
1587 1637 1955 1692 splendidissimus

177 1720 358 1776 quisque
388 1719 536 1763 eodem
567 1718 812 1771 inclinabat,
841 1723 959 1762 metu
991 1719 1189 1772 invidiae,
1219 1721 1256 1763 si
1285 1721 1370 1774 ipsi
1399 1720 1672 1774 eligerentur.

291 1800 354 1855 (9)
385 1799 589 1843 Secutum
619 1798 738 1842 aliud
767 1804 994 1843 certamen.
1025 1805 1247 1854 praetores
1278 1801 1432 1843 aerarii
1453 1800 1568 1854 (nam
1589 1802 1681 1841 tum
1701 1811 1728 1840 a
1746 1797 1955 1851 praetori-

174 1883 256 1928 bus
285 1881 554 1926 tractabatur
582 1879 812 1934 aerarium)
833 1879 1045 1934 publicam
1067 1884 1364 1934 paupertatem
1395 1880 1536 1934 questi
1566 1879 1736 1920 modum
1766 1876 1955 1930 inpensis
1972 1889 2013 1918 20

177 1962 513 2019 postulaverant.
554 1973 648 2004 eam
678 1973 822 2003 curam
853 1961 999 2003 consul
1030 1961 1279 2014 designatus
1310 1959 1363 2002 ob
1394 1958 1728 2013 magnitudinem
1749 1957 1890 1999 oneris
1912 1960 1956 1999 et

177 2042 354 2086 remedii
374 2038 669 2083 difficultatem
690 2039 871 2093 principi
890 2037 1159 2082 reservabat:
1191 2037 1414 2080 Helvidius
1435 2035 1611 2078 arbitrio
1633 2040 1807 2080 senatus
1828 2049 1955 2090 agen-

1307 2196 1425 2227 seuitia'.
1556 2197 1596 2225 16
1632 2204 1695 2233 que
1797 2193 1955 2224 mallebat

313 2205 336 2235 4
370 2202 556 2242 principatu
578 2210 617 2231 ex
640 2199 798 2239 principis
823 2197 869 2242 (v.
894 2196 928 2241 8)
953 2207 1038 2229 eor-r.
1067 2200 1125 2228 lm.
1253 2197 1274 2228 8

1332 2241 1522 2281 designatus
1547 2238 1609 2283 (nic
1635 2237 1711 2282 lm.)

182 2251 223 2281 18
248 2249 330 2280 eode
367 2287 385 2307 Ἦ
424 2249 467 2279 20
491 2246 600 2278 erarii-1
693 2248 735 2277 21
762 2246 877 2276 consul
900 2254 940 2274 ea:
963 2246 1042 2274 curE
1066 2253 1151 2274 corr.
1179 2246 1237 2273 lm.

181 2399 274 2431 Ln’s.
291 2416 337 2422 —
347 2401 460 2438 pares
484 2393 612 2439 aviquoe]
630 2396 711 2426 duas
735 2394 800 2424 iam
816 2397 939 2424 aetates
956 2402 1048 2432 prae-
1065 2394 1069 2426 ἲ
1084 2397 1248 2430 tamquam
1269 2391 1389 2422 meam
1419 2401 1475 2420 nec
1508 2391 1542 2421 in
1574 2390 1707 2420 alterius
1732 2389 1883 2428 favorem
1909 2389 1956 2418 in—

180 2455 296 2487 torisa
338 2454 416 2485 inde
450 2454 493 2484 ab
539 2452 681 2491 Augusti
723 2452 907 2491 principatu
941 2454 1050 2481 monet
1086 2449 1222 2479 elinatos
1245 2449 1376 2478 masei-at
1399 2457 1465 2478 rex.

180 2512 372 2552 Eprius.-
389 2510 557 2551 ulteriora]
573 2519 656 2548 quse
673 2509 740 2540 sint
756 2510 843 2539 ultra
856 2510 1048 2547 Augustum.
1132 2508 1164 2537 9.
1205 2515 1227 2535 α
1255 2503 1474 2548 praetoribus]
1517 2508 1552 2534 ut
1585 2504 1646 2534 sub
1681 2505 1839 2541 Augusto,
1870 2494 1956 2533 ¹cum

181 2569 318 2601 Dmx.
354 2586 398 2592 —
434 2578 529 2607 quam
552 2567 670 2598 iudicio
703 2563 843 2607 semma]
875 2565 938 2595 hoc
974 2564 1053 2596 dicit
1086 2562 1244 2596 Claudius
1260 2566 1448 2601 quaestores
1472 2560 1664 2592 reduxisset.
1689 2560 1731 2591 ef.
1750 2560 1836 2589 Anu.
1852 2561 1883 2596 1,
1903 2559 1956 2589 ⁷5.

180 2625 320 2666 Eprius:
355 2635 420 2656 non
457 2635 491 2656 se
515 2624 622 2663 magis
646 2627 811 2654 auctorem
835 2621 1051 2652 interficiendi
1090 2622 1141 2655 13,
1172 2620 1222 2650 28·
1249 2623 1281 2649 et
1315 2619 1369 2650 29.
1430 2617 1604 2648 »Ceterum
1640 2617 1721 2647 haec
1755 2615 1957 2655 parenthesis

180 2683 287 2715 eleros
331 2683 421 2713 viros
455 2681 581 2713 Neroni
627 2680 727 2710 fuisse
771 2688 869 2718 quam
904 2682 1050 2709 sen-tum
1087 2680 1241 2715 suspecta
1267 2679 1337 2706 erat
1362 2675 1513 2705 Ernestio
1547 2678 1578 2705 et
1602 2672 1956 2712 Bmmgnrten-Cmsio

180 2740 381 2776 universum,
428 2739 483 2778 qui
529 2748 585 2769 eos
624 2737 839 2767 damnaverit.
877 2736 967 2765 Lirs.
1008 2751 1050 2756 —
1088 2733 1129 2764 nd
1154 2733 1241 2766 Suet.
1267 2732 1377 2764 Claud.
1405 2733 1458 2762 24.
1499 2730 1662 2768 Quorsum
1697 2730 1792 2763 enim.
1817 2729 1863 2759 eit
1885 2729 1957 2766 ille,

181 2795 340 2840 ὑιῑωυισ]
379 2797 492 2828 ludum
526 2795 632 2833 egisse
676 2803 735 2833 per
769 2792 944 2832 imaginem
981 2791 1051 2822 sive
1088 2791 1149 2821 hoc
1177 2789 1319 2825 additur,
1344 2798 1417 2819 cum
1433 2788 1579 2818 additum
1597 2796 1661 2817 nou
1684 2786 1728 2817 sit
1743 2787 1828 2816 Anu.
1851 2788 1883 2823 1,
1902 2786 1956 2822 75,

183 2854 325 2894 speeiem
348 2855 453 2885 iustae
478 2850 693 2892 quaestionis,
725 2859 797 2880 cum
832 2859 866 2879 re
891 2857 971 2879 vere.
994 2857 1052 2887 per

183 2911 252 2941 vim
267 2919 305 2941 nc
321 2910 513 2941 violentiam
536 2912 658 2949 egeret.
677 2908 811 2938 Durus.
831 2924 873 2929 —
899 2915 936 2935 m
954 2914 1053 2944 cupra

180 2967 355 3008 privio-yn
378 2964 555 3009 maderet]
591 2974 654 2996 »ne
687 2964 751 2995 sibi
786 2964 860 3002 plus
884 2966 1053 3001 arrogaret

186 3029 245 3054 aut
282 3024 329 3054 ita
367 3029 489 3063 egeret.
531 3028 698 3062 tamquam
734 3030 831 3059 super
872 3019 1052 3058 principem

185 3083 303 3111 enea«
342 3080 384 3111 et.
402 3080 524 3119 dialog.
546 3081 563 3110 7
588 3084 652 3110 mm
667 3078 745 3108 mihi
759 3087 857 3116 mpra
874 3075 1052 3106 triburam

185 3141 214 3168 et
237 3140 413 3175 praeturas
456 3142 485 3167 et
516 3136 698 3168 amandatus
734 3134 899 3165 ascendere
934 3132 1051 3163 videor.

187 3194 297 3225 Germ.
323 3195 375 3225 25.
410 3193 540 3234 (libeni)
564 3199 593 3224 et
616 3203 710 3233 nuper
733 3193 881 3231 ingenuos
905 3194 933 3219 et
957 3199 1051 3228 super
1070 3219 1071 3222 ,

1069 3230 1263 3282 ῗρηοιοι-οε.
1313 3241 1426 3271 Simile
1459 3240 1728 3273 additamentum.
1762 3238 1848 3276 quod
1882 3240 1958 3276 post

186 3251 306 3282 nobiles
321 3251 503 3282 ωοεπᾶιιπε.
516 3268 558 3274 -—
578 3247 703 3293 vadiis]
730 3254 765 3279 ut
782 3248 895 3279 Livius
914 3248 944 3282 2,
961 3246 1014 3282 27,
1033 3247 1051 3276 3

187 3309 235 3338 ita
258 3307 392 3338 nediu-⁸
417 3305 789 3346 seqerendonecplaebis
812 3304 923 3335 vitavit
947 3303 1052 3333 odism

187 3374 243 3397 nec
266 3363 357 3404 apud
373 3368 484 3403 patrea
506 3364 645 3402 qratiam
678 3363 757 3394 iniit*
792 3363 848 3400 40,
874 3362 926 3394 20,
952 3362 971 3391 4
996 3359 1053 3389 hos

1068 2856 1160 2877 ·eum
1186 2856 1238 2877 res
1263 2851 1339 2876 nota
1362 2850 1448 2876 esset
1472 2854 1511 2875 ex
1538 2844 1641 2883 ipsius
1667 2842 1840 2873 traditione
1865 2843 1954 2872 Anu.

1091 2905 1143 2942 13,
1156 2904 1211 2941 28,
1236 2912 1319 2942 quae
1333 2907 1365 2933 et
1378 2902 1419 2932 ed
1433 2900 1610 2931 Traianum
1627 2908 1731 2938 usque
1741 2898 1927 2929 <iuravisset
1939 2898 1955 2927 ⁴?

1089 2961 1132 2990 At
1154 2964 1229 3000 post
1250 2959 1413 2990 Historias
1437 2958 1567 2988 demum
1591 2957 1780 2996 prodierunt
1796 2954 1955 2993 Annales,

1090 3027 1149 3047 nec
1173 3017 1280 3055 inepte
1305 3016 1363 3046 illa
1397 3014 1500 3044 verba
1534 3014 1710 3050 adduntur,
1744 3011 1821 3050 quie
1845 3011 1956 3042 variae

1089 3074 1184 3103 huius
1203 3074 1250 3103 rei
1269 3073 1402 3102 fuerunt
1418 3071 1626 3101 mutationes.
1667 3070 1826 3099 luterem
1843 3068 1955 3105 igitur,

1090 3134 1124 3161 ut
1147 3129 1285 3167 scriptor
1322 3128 1452 3158 doceret
1488 3131 1555 3157 tum
1593 3135 1703 3156 curam
1737 3124 1856 3156 aerarii
1890 3133 1955 3155 non

1089 3186 1229 3224 amplius
1268 3185 1367 3215 fuisse
1403 3184 1489 3223 apud
1524 3186 1725 3221 quaestores,
1767 3181 1825 3212 sed
1869 3180 1955 3219 apud

1088 3299 1193 3330 editos
1226 3299 1371 3328 Anu-10⁸
1407 3297 1519 3327 inutile
1555 3295 1680 3329 suisset,
1716 3294 1834 3333 legitur
1870 3293 1957 3323 infre

1088 3367 1114 3388 c.
1142 3358 1202 3387 15:
1242 3354 1488 3385 stane-henam
1518 3362 1592 3390 qen·
1625 3355 1702 3383 ests
1739 3350 1886 3383 WALTR.
1911 3367 1956 3374 —·
