2176 3672
773 227 945 270 LIBER
973 227 1005 269 I.
1066 226 1166 281 Cap.
1199 227 1265 270 83.
1297 228 1363 272 84.
1872 226 1954 268 299

185 343 441 398 intempesta
468 343 687 397 rapientur
708 342 855 384 arma?
885 354 993 384 unus
1023 341 1183 385 alterve
1212 343 1406 396 perditus
1438 354 1487 385 ac
1516 341 1772 386 temulentus
1803 341 1958 396 (neque

186 424 295 467 enim
323 423 467 478 plures
497 422 834 466 consternatione
862 422 1055 476 proxima
1084 422 1291 464 insanisse
1317 422 1588 476 crediderim)
1619 421 1877 465 centurionis
1908 432 1958 463 ac

185 503 345 547 tribuni
384 503 588 557 sanguine
625 514 775 544 manus
805 500 987 554 imbuet,
1029 502 1298 556 imperatoris
1338 502 1405 545 sui
1445 502 1675 545 tentorium
1714 500 1958 555 inrumpet?

187 583 280 638 (84)
319 596 394 627 vos
431 582 602 637 quidem
640 582 757 624 istud
794 594 872 636 pro
911 594 999 624 me:
1043 582 1119 624 sed
1148 583 1190 624 in
1223 583 1417 625 discursu
1449 595 1497 625 ac
1527 581 1712 625 tenebris
1743 584 1786 624 et
1814 593 1957 623 rerum

186 663 371 706 omnium
411 661 652 706 confusione
688 659 883 715 patefieri
922 662 1086 704 occasio
1128 662 1255 705 etiam
1288 663 1491 705 adversus
1522 674 1589 705 me
1616 664 1771 716 potest.
1817 660 1855 704 si
1882 660 1958 703 Vi·
1994 669 2014 699 5

186 741 304 785 tellio
333 746 376 785 et
404 740 660 785 satellitibus
691 741 781 784 eius
812 741 994 795 eligendi
1033 741 1214 784 facultas
1245 742 1392 796 detur,
1435 755 1558 797 quem
1597 741 1718 784 nobis
1757 741 1956 794 animum,

185 835 292 877 quas
331 824 491 865 mentes
532 822 822 875 inprecentur,
866 822 968 876 quid
1008 821 1125 864 aliud
1163 835 1290 876 quam
1329 822 1578 865 seditionem
1620 825 1663 864 et
1701 821 1958 864 discordiam

186 901 422 956 optabunt?
449 914 503 944 ne
531 901 652 944 miles
683 902 928 954 centurioni,
959 914 1011 944 ne
1032 902 1222 944 centurio
1248 901 1418 944 tribuno
1438 901 1709 956 obsequatur,
1740 901 1838 943 hinc
1859 913 1957 943 con-

183 979 268 1024 fusi
296 982 462 1036 pedites
486 982 731 1036 equitesque
751 982 793 1024 in
815 982 989 1024 exitium
1010 995 1194 1024 ruamus.
1241 982 1431 1036 parendo
1451 983 1607 1036 potius,
1639 981 1956 1034 commilitoneS‚

185 1074 312 1116 quam
342 1062 521 1116 imperia
550 1062 704 1104 ducum
735 1062 990 1104 sciscitando
1030 1074 1098 1105 res
1129 1061 1334 1105 militares
1366 1062 1655 1114 continentur;
1700 1064 1743 1104 et
1771 1059 1956 1103 fortissi-
1974 1071 2015 1102 10

185 1154 279 1184 mus
309 1142 350 1184 in
382 1142 475 1195 ipso
505 1141 746 1184 discrimine
775 1143 984 1185 exercitus
1014 1145 1099 1196 est,
1140 1143 1213 1196 qui
1253 1144 1351 1185 ante
1390 1142 1615 1185 discrimen
1656 1141 1956 1196 quietissimus,

185 1221 305 1264 vobis
345 1234 464 1264 arma
501 1225 545 1264 et
583 1222 747 1264 animus
786 1222 864 1264 sit:
905 1221 1010 1264 mihi
1048 1222 1267 1265 consilium
1297 1225 1341 1265 et
1369 1223 1543 1265 virtutis
1573 1225 1742 1265 vestrae
1770 1221 1958 1275 regimen

184 1300 421 1356 relinquite.
466 1313 696 1356 paucorum
727 1300 852 1355 culpa
879 1300 973 1355 fuit,
1005 1302 1184 1344 duorum
1213 1315 1351 1356 poena
1380 1303 1483 1345 erit:
1516 1302 1646 1345 ceteri
1676 1301 1842 1344 abolete
1870 1313 1956 1343 me-

183 1381 362 1423 moriam
390 1379 661 1424 foedissimae
690 1381 839 1424 noctis.
883 1394 960 1424 nec
989 1382 1085 1424 illas
1116 1382 1320 1425 adversus
1350 1385 1544 1425 senatum
1574 1395 1697 1425 voces
1735 1381 1848 1424 ullus
1886 1394 1957 1423 us-

183 1473 310 1516 quam
348 1461 557 1504 exercitus
594 1461 752 1504 audiat.
799 1464 928 1515 caput
957 1462 1125 1516 imperii
1155 1465 1198 1504 et
1228 1463 1382 1505 decora
1421 1463 1607 1505 omnium
1645 1462 1958 1516 provinciarum
1975 1472 2014 1503 15

184 1541 241 1584 ad
268 1554 446 1596 poenam
475 1554 627 1584 vocare
665 1554 747 1584 non
784 1541 954 1585 hercule
983 1541 1067 1595 illi,
1109 1555 1214 1597 quos
1245 1555 1339 1586 cum
1368 1544 1550 1586 maxime
1578 1542 1777 1585 Vitellius
1808 1542 1850 1584 in
1879 1553 1957 1584 nos

185 1621 290 1675 ciet,
332 1620 530 1664 Germani
561 1623 764 1665 audeant:
808 1622 939 1665 ulline
968 1621 1122 1665 Italiae
1151 1622 1311 1665 alumni
1341 1626 1384 1666 et
1413 1624 1604 1666 Romana
1633 1635 1732 1666 vere
1759 1622 1958 1665 iuventus

185 1701 242 1743 ad
270 1702 517 1755 sanguinem
547 1705 590 1744 et
620 1703 790 1745 caedem
813 1702 1110 1756 depoposcerit
1140 1703 1343 1757 ordinem,
1374 1703 1493 1746 cuius
1514 1703 1739 1757 splendore
1760 1705 1803 1745 et
1823 1701 1959 1755 gloria

186 1781 333 1824 sordes
363 1784 407 1824 et
435 1781 739 1825 obscuritatem
767 1781 1092 1825 Vitellianarum
1121 1783 1310 1836 partium
1339 1783 1723 1837 praestringimus?
1762 1783 1958 1825 nationes

279 1919 299 1950 3
333 1918 474 1950 tribunis
498 1918 528 1960 (s
552 1919 614 1950 del.
643 1918 706 1959 lm)
801 1921 821 1951 6
853 1920 994 1960 eligengi
1018 1920 1114 1962 (corr.
1141 1920 1205 1962 lm)
1290 1930 1354 1961 que
1447 1922 1466 1952 Ἰ
1503 1922 1584 1951 aliut
1674 1923 1695 1954 8
1729 1930 1789 1952 uec
1811 1920 1958 1952 centurio

193 1967 232 1996 11
259 1965 410 1996 discrima
482 1967 522 1996 13
547 1975 633 2005 pena
705 1966 745 1996 14
771 1966 937 2005 fedissime
1006 1969 1138 1997 senatus
1162 1971 1191 2009 (s
1216 1966 1277 1997 del.
1304 1968 1368 2009 lm)
1440 1968 1481 1998 16
1507 1970 1592 2006 pena
1664 1968 1705 1998 18
1731 1968 1956 2010 depoposcerx

188 2011 235 2050 (h.
265 2021 292 2042 e.
333 2010 576 2050 depoposcerit:
611 2010 682 2049 syll.
712 2011 740 2040 ri
774 2020 837 2041 uno
870 2011 981 2050 ductu,
1016 2017 1050 2042 ut
1080 2012 1173 2050 solet,
1210 2013 1330 2052 scripta
1363 2017 1392 2043 et
1425 2012 1482 2043 litt.
1516 2017 1529 2043 t
1562 2013 1709 2051 inversa,
1746 2017 1780 2043 ut
1812 2012 1958 2043 similitu-

187 2055 291 2087 dinem
312 2057 433 2096 referat
456 2056 597 2095 syllabae
613 2059 688 2087 runt
705 2066 767 2095 per
790 2057 1005 2096 compendium
1021 2058 1169 2097 scriptae,
1194 2069 1276 2097 quae
1298 2063 1402 2089 tamen
1425 2059 1459 2088 in
1482 2063 1591 2089 nostro
1615 2058 1721 2089 codice
1735 2058 1812 2098 fere
1836 2068 1958 2098 semper

187 2103 371 2143 compendio
394 2103 418 2134 f
441 2102 617 2143 scribitur.)
642 2103 893 2142 depoposcerint
915 2103 982 2134 Iac.
1002 2104 1182 2135 Gronovius
1254 2107 1293 2136 19
1320 2105 1591 2144 praestringimus
1614 2104 1662 2135 Io.
1680 2105 1736 2135 Fr.
1754 2104 1957 2135 Gronovius:

186 2149 380 2190 pstriugim3
404 2147 446 2193 (h.
464 2158 490 2179 e.
514 2147 780 2189 perstringimus)

180 2273 326 2314 perdam
350 2284 391 2305 ac
413 2273 606 2314 temulentus]
641 2273 773 2313 Lipsius
806 2274 949 2305 malebat
978 2284 1053 2314 per·
1090 2277 1121 2314 2,
1148 2277 1163 2306 1
1199 2275 1324 2305 animus
1358 2275 1543 2306 militarium
1575 2285 1681 2307 rerum
1714 2286 1809 2314 quam
1841 2274 1955 2314 quietis

187 2331 279 2370 citus,
303 2334 339 2362 ut
362 2334 412 2362 est
434 2331 520 2371 apud
543 2331 619 2361 Liv.
644 2332 704 2368 21,
732 2332 792 2369 53,
819 2332 859 2362 8:
893 2331 1053 2370 inqenium
1088 2332 1203 2370 otiiwe
1237 2332 1420 2372 patientior.
1454 2351 1499 2356 —
1533 2343 1589 2363 nec
1612 2351 1657 2356 -—
1681 2331 1808 2376 audiat]
1845 2335 1885 2371 2,
1911 2334 1954 2364 4⁷

181 2389 338 2428 percitum
368 2398 409 2419 ac
433 2388 544 2428 ferox.
590 2388 687 2419 Haud
721 2390 830 2419 tamen
868 2389 1052 2420 necessaria
1088 2398 1145 2419 nec
1167 2393 1288 2428 tempus
1312 2391 1569 2430 conputaverim,
1594 2390 1672 2421 ibid.
1697 2399 1755 2420 nec
1778 2390 1835 2420 diu
1856 2400 1955 2422 more-

189 2445 270 2476 haee
292 2448 343 2477 est
364 2446 541 2477 correetioz
566 2445 708 2485 perditi,
742 2446 797 2484 qui
821 2446 987 2485 ceteroqui
1011 2446 1053 2476 ad
1087 2455 1174 2482 mur,
1212 2447 1249 2486 2,
1276 2448 1318 2477 76
1351 2456 1408 2478 nec
1433 2448 1565 2487 speciem
1590 2447 1752 2478 adulantis
1778 2447 1954 2487 expaveris.

188 2502 363 2534 deterrime
385 2512 531 2542 quaeque
555 2503 701 2534 facinora
724 2503 886 2542 patranda.
909 2504 1052 2542 prompti
1069 2481 1072 2514 ¹
1088 2502 1272 2542 Nipperdey
1311 2503 1351 2533 ad
1391 2505 1476 2535 Ann.
1511 2507 1525 2535 1
1539 2527 1547 2543 ‚
1573 2506 1627 2536 43.
1677 2505 1822 2544 Draeyer
1858 2504 1952 2545 Synt.

187 2562 275 2600 sunt,
291 2569 377 2591 nune
392 2560 526 2600 insuper
540 2559 700 2591 temulenti
713 2569 751 2591 ac
767 2563 942 2599 propterea
954 2561 1052 2590 etiam
1087 2560 1107 2600 ἓ
1134 2561 1175 2590 28
1189 2569 1216 2590 c.
1245 2577 1285 2583 -—
1319 2566 1414 2600 caput
1436 2559 1574 2604 imperii]
1609 2561 1763 2601 Speciose
1787 2562 1833 2592 ita
1857 2565 1956 2593 vocat

189 2617 295 2656 magis
310 2618 484 2649 temerarii.
510 2635 553 2640 ——
578 2616 839 2657 constevmatione]
863 2617 1052 2647 confusione
1088 2620 1255 2657 senatum,
1293 2618 1384 2649 euius
1407 2622 1515 2649 tamen
1540 2618 1716 2649 auctoritas
1749 2628 1807 2657 per
1831 2628 1866 2649 se
1889 2619 1956 2650 iam

190 2683 310 2714 rerum,
333 2674 572 2706 inconsiderato
588 2676 737 2705 tumultu.
779 2674 832 2704 Sic
848 2673 922 2704 Liv.
941 2674 996 2713 34,
1016 2675 1051 2705 2:
1088 2673 1179 2704 nulla
1202 2677 1281 2712 erat,
1308 2675 1369 2705 nisi
1395 2675 1451 2706 ubi
1476 2675 1639 2714 principes
1665 2685 1737 2706 eam
1761 2675 1954 2715 comproba-

189 2731 400 2762 comterrmtio
422 2730 591 2762 muliebria.
1088 2734 1170 2761 rent.
1196 2748 1239 2754 —
1275 2731 1392 2762 decora
1424 2732 1559 2762 omnium
1584 2730 1840 2775 provinciarum]
1874 2742 1953 2771 quu-

235 2790 287 2820 84.
334 2787 436 2829 nobie]
476 2789 653 2820 Rhenanus
683 2788 827 2819 malebat
848 2788 959 2828 vobis;
995 2788 1052 2819 sed
1088 2791 1181 2818 tenus
1205 2788 1237 2818 in
1263 2797 1337 2819 eum
1361 2793 1438 2819 tunc
1462 2788 1559 2819 etiam
1583 2797 1623 2819 ex
1640 2789 1819 2828 provinciis
1843 2790 1953 2829 splen-

190 2854 255 2877 non
283 2855 425 2877 neeesse.
474 2845 626 2876 Oratorio
660 2845 795 2876 artifieio
828 2845 929 2876 utitur
962 2845 1052 2884 prin·
1088 2844 1153 2874 didi
1192 2844 1255 2875 viri
1298 2845 1501 2885 legebantur.
1542 2845 1678 2876 Dureau.
1714 2863 1758 2868 —
1795 2843 1951 2890 audeant]

190 2911 276 2942 ceps.
302 2901 434 2934 Omen.
458 2902 607 2934 similiter
631 2903 727 2942 paulo
744 2905 820 2942 post
836 2902 914 2933 dicit
936 2902 970 2932 in
986 2901 1052 2932 exi-

189 2959 266 2990 tium
287 2969 427 2991 mamm.
453 2977 496 2984 —
519 2970 558 2991 ne
581 2957 734 3003 centurio]
771 2959 906 2998 „Addez
944 2969 1052 2990 nonne

189 3016 426 3057 imprecemur,
458 3026 498 3048 ne
519 3020 597 3048 cet-2
634 3026 717 3055 quae
741 3016 859 3048 deinde
881 3016 916 3046 in
941 3016 1052 3055 positi—

189 3082 265 3105 vam
297 3070 419 3116 φράσιν
452 3077 588 3106 exeunt:
623 3077 655 3105 et
678 3078 714 3104 ut
736 3073 809 3104 hinc
832 3072 958 3113 ‘confirm'
978 3075 1050 3110 eet.,

190 3130 295 3169 qualis
318 3131 402 3162 ratio
425 3134 557 3162 notatur
581 3131 678 3162 etiam
703 3131 789 3161 Anu.
810 3134 840 3168 1,
859 3132 899 3161 77
927 3133 959 3159 et
981 3138 1051 3159 sae-

190 3186 274 3226 pius.
308 3188 445 3219 Dumm.
484 3188 525 3218 cf.
551 3187 697 3226 Draeyer
727 3187 820 3226 Synt.
858 3186 877 3225 ξ
905 3187 980 3217 142.
1006 3203 1050 3208 -

188 3252 241 3273 ree
262 3243 416 3275 militares
439 3243 646 3283 continentur]
679 3246 831 3283 expectes
862 3243 969 3281 potius
1000 3251 1051 3272 res

189 3298 338 3329 militaris
372 3300 566 3331 continetur:
602 3301 700 3338 paulo
734 3301 829 3331 aliter
861 3298 993 3329 Curtius
1019 3302 1051 3338 6,

1087 2901 1312 2933 coniunctivus
1335 2902 1522 2942 potentialis
1546 2905 1605 2940 est,
1630 2902 1708 2933 item
1733 2903 1820 2941 quod
1843 2903 1952 2943 sequi-

1086 2961 1139 2988 tur
1169 2957 1405 2998 depoposcerit:
1438 2958 1584 2997 Draeqer
1615 2958 1706 2998 Syut.
1740 2959 1760 2999 ξ
1786 2961 1828 2991 28
1841 2959 1871 2990 b.
1908 2976 1952 2983 —-

1087 3015 1313 3056 depoposcerit]
1349 3016 1388 3046 de
1422 3025 1559 3046 numero
1592 3016 1751 3055 singulari
1782 3017 1823 3047 ef.
1850 3017 1951 3057 paulo

1087 3081 1203 3111 supra:
1227 3072 1313 3102 vobis
1336 3082 1431 3103 arma
1453 3077 1483 3103 et
1505 3073 1630 3104 animus
1654 3072 1713 3104 sit
1737 3076 1769 3104 et
1793 3073 1834 3104 ad
1860 3083 1885 3104 c.
1908 3074 1950 3104 76

1086 3128 1241 3159 manebat.
1268 3147 1308 3151 —
1338 3129 1612 3171 praesmbtqimus]
1638 3129 1869 3170 ‚‚hebet⁸mus,
1894 3130 1951 3162 ob-

1087 3185 1307 3216 umbramus&
1357 3188 1401 3217 At
1439 3190 1525 3217 reete
1564 3196 1658 3218 mox:
1693 3187 1952 3226 perstrtnqendos

1086 3242 1326 3281 mulcendosque
1349 3243 1480 3274 aniona..
1530 3243 1601 3274 Hoc
1624 3243 1729 3283 enim,
1762 3245 1849 3283 quod
1872 3245 1951 3276 Per-

1087 3299 1154 3329 sius
1191 3302 1227 3338 1,
1260 3301 1347 3331 107:
1386 3299 1532 3331 mordaci
1564 3299 1681 3331 radere
1713 3309 1797 3333 vero.
1837 3300 1950 3333 Gnou.
