2176 3672
698 240 869 291 LIBER
896 242 970 290 IV.
1030 246 1129 302 cap.
1164 249 1228 292 12.
1261 248 1326 292 13.
1361 247 1424 293 14.
1863 249 1949 294 469

176 356 298 410 regia
317 358 453 412 stirpe
473 360 608 404 multo
629 365 792 405 ceteros
812 362 1042 406 anteibant.
1091 362 1268 406 Paulum
1290 363 1493 406 Fonteius
1513 363 1665 418 Capito
1685 363 1792 407 falso
1813 363 1948 408 rebel-

175 435 303 481 lionis
332 437 507 482 crimine
535 439 769 494 interfecit;
800 442 983 485 iniectae
1011 442 1136 485 Civili
1165 447 1354 496 catenae,
1383 444 1623 498 missusque
1654 444 1710 488 ad
1739 445 1950 489 Neronem

174 521 221 561 et
247 529 276 560 a
299 517 442 578 *Galba
470 519 693 566 absolutus
722 521 801 564 sub
822 520 995 565 Vitellio
1025 534 1174 564 rursus
1203 523 1431 566 discrimen
1461 523 1581 576 adiit,
1611 523 1830 577 flagitante
1850 537 1950 578 sup-

173 596 348 652 plicium
379 599 472 642 eius
501 601 703 643 exercitu.
753 602 852 644 inde
871 613 1026 645 causae
1046 603 1203 644 irarum
1227 615 1410 657 spesque
1429 615 1481 645 ex
1500 603 1624 646 malis
1654 603 1825 646 nostris.
1874 604 1950 647 sed

174 675 323 721 civilis
351 678 467 722 ultra
496 693 622 734 quam
652 680 845 724 barbaris
877 681 1049 724 solitum
1083 682 1251 736 ingenio
1280 682 1430 726 sollers
1460 687 1504 725 et
1531 683 1766 726 Sertorium
1797 695 1844 727 se
1873 687 1982 730 auts

173 757 424 802 Annibalem
453 759 597 804 ferens
618 761 747 804 simili
776 762 863 804 oris
884 762 1277 815 dehonestamento,
1307 775 1361 805 ne
1389 767 1439 805 ut
1467 763 1582 806 hosti
1612 763 1779 805 obviam
1800 763 1948 815 iretur,

174 837 213 881 si
241 850 269 880 a
297 839 455 892 populo
476 840 668 883 Romano
697 842 838 895 palam
858 842 1123 894 descivisset,
1152 841 1405 896 Vespasiani
1425 842 1655 885 amicitiam
1676 842 1950 895 studiumque

172 918 360 972 partium
389 921 645 974 praetendit,
675 922 818 964 missis
858 934 961 964 sane
1002 921 1058 963 ad
1088 933 1183 964 eum
1214 920 1347 964 Primi
1376 922 1554 964 Antonii
1583 921 1756 973 litteris,
1795 920 1949 974 quibus

172 1000 366 1040 avertere
395 999 533 1041 accita
563 999 734 1043 Vitellio
764 1000 923 1043 auxilia
965 1005 1009 1043 et
1038 1000 1247 1043 tumultus
1277 999 1520 1043 Germanici
1563 1000 1718 1054 specie-
1734 1005 1948 1042 retentare

172 1076 364 1131 legiones
392 1078 630 1123 iubebatur.
691 1081 841 1124 eadem
871 1080 1141 1124 Hordeonius
1180 1080 1356 1123 Flaccus
1385 1092 1589 1133 praesens
1618 1084 1853 1132 monuerat,
1882 1079 1947 1121 in-
1963 1093 2005 1122 10

175 1155 334 1199 clinato
363 1159 407 1200 in
438 1158 748 1213 Vespasianum
778 1161 919 1202 animo
940 1165 984 1203 et
1012 1161 1075 1203 rei
1103 1160 1296 1214 publicae
1326 1171 1441 1212 cura,
1472 1160 1539 1202 cui
1560 1159 1770 1201 excidium
1791 1159 1947 1201 adven-

173 1235 307 1288 tabat,
330 1239 368 1279 si
387 1238 727 1293 redintegratum
749 1239 903 1283 bellum
921 1244 966 1282 et
986 1244 1051 1282 tot
1070 1247 1326 1282 armatorum
1349 1240 1466 1282 milia
1484 1239 1654 1281 Italiam
1674 1240 1946 1293 inrupissent.

173 1314 265 1369 (14)
294 1315 427 1370 igitur
456 1317 602 1360 Civilis
633 1319 898 1362 desciscendi
937 1323 1094 1372 certus,
1134 1319 1346 1362 occultato
1375 1320 1545 1362 interim
1575 1319 1727 1362 altiore
1757 1318 1946 1371 consilio,

173 1401 318 1440 cetera
347 1409 399 1440 ex
428 1405 586 1442 eventu
614 1399 896 1452 iudicaturus,
925 1411 1083 1442 novare
1112 1411 1181 1441 res
1210 1399 1291 1441 hoc
1319 1400 1443 1441 modo
1465 1399 1615 1452 coepit„
1645 1399 1765 1440 iussu
1786 1397 1948 1440 Vitellii

170 1474 432 1519 Batavorum
461 1477 661 1519 iuventus
690 1477 747 1518 ad
766 1476 968 1519 dilectum
988 1476 1233 1528 vocabatur,
1263 1490 1387 1531 quem
1417 1483 1570 1530 suapte
1592 1483 1746 1520 natura
1775 1489 1945 1532 gravem
1964 1498 2003 1527 15

171 1555 406 1598 onerabant
434 1556 620 1598 ministri
661 1556 842 1598 avaritia
884 1568 935 1598 ac
972 1556 1088 1609 luxu,
1130 1568 1252 1599 senes
1295 1561 1370 1598 aut
1408 1557 1617 1599 invalidos
1647 1557 1947 1611 conquirendo,

171 1648 279 1690 quos
298 1637 439 1690 pretio
470 1637 759 1679 dimitterent:
789 1649 939 1678 rursus
969 1637 1162 1690 inpubes,
1192 1637 1266 1679 sed
1287 1636 1425 1678 forma
1445 1637 1662 1690 conspicui
1692 1637 1752 1690 (et
1772 1642 1838 1679 est
1857 1636 1946 1690 ple-

172 1715 317 1770 risque
347 1728 526 1770 procera
555 1715 759 1769 pueritia)
790 1716 846 1758 ad
876 1722 1072 1770 stuprum
1103 1716 1391 1759 trahebantur.
1423 1716 1519 1758 hinc
1549 1716 1731 1768 invidia;
1762 1721 1806 1759 et
1835 1728 1946 1758 com-

171 1796 303 1850 positi
331 1795 553 1838 seditionis
583 1798 781 1837 auctores
810 1795 1049 1849 perpulere,
1080 1802 1129 1837 ut
1157 1795 1358 1838 dilectum
1388 1795 1633 1838 abnuerent.
1683 1794 1828 1838 Civilis
1858 1795 1946 1848 pri-

171 1887 311 1919 mores
339 1876 482 1929 gentis
512 1881 557 1918 et
585 1875 926 1929 promptissimos
964 1875 1075 1928 volgi
1104 1876 1246 1928 specie
1276 1875 1495 1929 epularum
1526 1887 1693 1918 sacrum
1722 1876 1766 1917 in
1796 1887 1946 1917 nemus
1959 1899 2002 1929 ,ο

174 1961 352 1999 vocatos
382 1956 456 1998 ubi
487 1961 612 1999 nocte
642 1968 692 1998 ac
721 1956 889 1998 laetitia
918 1956 1146 1998 incaluisse
1175 1956 1304 2008 videt,
1343 1968 1369 1997 a
1408 1955 1533 1998 laude
1562 1955 1780 2009 gloriaque
1807 1956 1947 2009 gentis

308 2085 325 2112 1
352 2083 472 2113 multos
563 2083 710 2113 anteibat
734 2084 771 2123 (n
796 2091 953 2122 πυρα-ιον.
973 2081 1050 2123 lm.)
1163 2083 1290 2112 fonteii'i
1306 2080 1404 2121 (corr.
1424 2078 1499 2121 lm.)
1605 2082 1624 2110 3
1649 2081 1718 2111 adit
1818 2082 1840 2110 4
1863 2081 1945 2120 Inde

173 2129 194 2160 ὅ
217 2128 306 2159 haud
377 2129 396 2158 6
422 2128 578 2159 annibale
670 2130 690 2159 8
715 2138 795 2168 sane
895 2130 915 2159 9
940 2129 1066 2159 afiteret
1090 2126 1189 2171 (σοπ.
1217 2127 1292 2170 ln.)
1362 2137 1382 2157 a
1406 2128 1538 2157 Vitellio
1562 2127 1636 2158 dett.
1732 2129 1770 2157 11
1797 2128 1945 2166 uespanfi

170 2176 210 2214 (1'1
231 2184 271 2205 ex
294 2183 314 2205 o
338 2183 423 2206 σοπ.
450 2176 528 2215 lm.)
611 2175 657 2205 rei
680 2184 712 2214 p.
808 2176 850 2205 14
874 2175 961 2213 cepit
1052 2175 1095 2205 15
1119 2174 1260 2204 dilectus
1283 2176 1313 2213 (s
1337 2173 1399 2203 del.
1427 2176 1502 2211 lm.)
1596 2173 1637 2202 17
1659 2170 1727 2211 sitio
1819 2172 1889 2213 sed]
1913 2176 1945 2203 et

170 2219 271 2251 Hat-
365 2221 463 2263 l⁸ll⁹
489 2222 689 2259 compositae
714 2219 776 2251 det.

171 2328 295 2378 ὄφελος
309 2332 503 2377 φέρουσαν.)
520 2351 563 2356 -
579 2334 671 2373 reqia
687 2332 798 2378 etiope]
824 2339 861 2365 ut
876 2336 962 2365 Anu.
984 2336 1036 2372 11,
1073 2333 1251 2372 superioris
1275 2332 1448 2370 exercitus,
1474 2331 1517 2362 ad
1541 2332 1646 2362 Rheni
1669 2331 1760 2371 ripae
1785 2341 1896 2362 curun
1923 2341 1944 2363 a

173 2392 215 2423 16
240 2392 282 2422 de
308 2392 504 2423 Cheruscis:
527 2401 589 2422 uno
612 2391 734 2429 reliquo
751 2392 859 2431 stirpis
881 2392 1036 2430 reqiae-—
1075 2390 1208 2421 Vitellio
1233 2390 1377 2420 relictus.
1406 2392 1437 2428 1,
1461 2390 1492 2419 9.
1519 2390 1551 2427 2,
1576 2389 1630 2419 57.

171 2447 309 2488 Italion
333 2449 517 2488 utrobique,
543 2455 655 2487 utpote
679 2450 767 2487 apud
791 2450 930 2487 populos
956 2448 1037 2478 Ger·
1122 2449 1173 2478 14.
1214 2446 1261 2476 ad
1294 2443 1452 2488 dilectum]
1485 2447 1516 2483 2,
1551 2446 1605 2476 57.
1631 2447 1685 2477 97.
1722 2463 1762 2469 -
1798 2443 1941 2489 yram]

170 2506 328 2545 miens,
364 2506 510 2544 intellige
550 2506 590 2535 de
625 2507 677 2543 iis,
717 2507 772 2543 qui
811 2505 873 2535 orti
909 2510 986 2535 sunt
1019 2514 1037 2534 e
1072 2504 1192 2542 quippe
1226 2503 1260 2532 in
1292 2503 1424 2541 longam
1458 2508 1490 2533 et
1524 2503 1737 2541 longinquam
1781 2503 1941 2534 militiam.

170 2562 375 2603 principibus
398 2561 642 2603 (Hduptlinyen)
666 2562 810 2593 civitatis
833 2563 973 2591 maxime
998 2562 1036 2591 il·
1053 2551 1058 2585 Ι
1075 2560 1222 2590 Velleius
1247 2560 1279 2589 in
1306 2559 1458 2589 laudibus
1483 2558 1605 2589 Tiberii
1631 2560 1663 2596 2,
1688 2559 1774 2589 130:
1811 2558 1943 2595 Quanta

171 2620 341 2651 lunaribus.
374 2620 416 2651 ef.
443 2620 543 2660 Sybel
568 2619 599 2649 d.
626 2619 814 2658 Koniythum
838 2629 869 2658 p.
891 2619 965 2649 100.
994 2635 1039 2640 -
1073 2626 1142 2646 cum
1166 2616 1268 2654 quiete
1290 2616 1447 2645 hommum
1470 2624 1534 2644 rem
1552 2615 1701 2654 perpetui
1713 2616 1942 2655 praempuu'qne

170 2677 319 2707 Fonteium
343 2675 467 2716 Capito]
504 2678 545 2707 de
578 2686 642 2715 qno
673 2680 701 2714 l,
732 2677 762 2708 7.
797 2678 827 2713 3,
857 2677 911 2705 62.
934 2680 1037 2718 ιΑιιι).
1072 2673 1206 2712 timoris,
1223 2672 1477 2712 supplementum,
1499 2672 1565 2701 sine
1582 2671 1790 2711 trepidatione
1806 2672 1942 2703 decem

174 2735 230 2772 14,
256 2735 288 2765 1.
315 2751 352 2756 —
380 2734 447 2764 orie
471 2732 755 2773 dehonestanaemo]
793 2742 867 2763 cum
891 2733 980 2770 item,
1005 2738 1040 2762 ut
1071 2729 1242 2769 providet!
1265 2730 1360 2759 hirs.
1395 2745 1437 2751 -
1472 2726 1652 2771 compositi]
1677 2730 1842 2767 compositi
1862 2729 1942 2759 cedi-

171 2790 351 2829 Bumibal,
376 2792 481 2821 altero
504 2792 601 2822 oculo
625 2796 739 2829 captus
764 2795 858 2820 esset.
883 2789 956 2819 Liv.
985 2791 1038 2827 22,
1074 2787 1170 2817 tionis
1192 2791 1339 2816 auctores
1366 2791 1443 2816 eunt
1466 2785 1648 2822 subornati,
1681 2786 1722 2817 ef.
1749 2787 1830 2816 Sall.
1853 2786 1941 2816 nint.

173 2849 206 2878 2.
252 2854 284 2879 et
319 2849 359 2878 de
395 2849 539 2879 Sertorio
585 2849 671 2878 idem
714 2847 814 2877 tradit
846 2846 1040 2876 Plutarchus
1076 2846 1115 2875 lr.
1141 2847 1172 2883 1,
1198 2846 1241 2874 43
1266 2844 1338 2885 (46)
1360 2842 1483 2873 lemme·
1520 2846 1549 2872 et
1581 2842 1703 2872 vinarii
1732 2841 1873 2881 laniique
1898 2859 1941 2865 —

172 2904 255 2935 Sert.
282 2907 311 2935 1.
348 2922 391 2928 -
421 2904 616 2945 praetendit]
650 2904 793 2942 simulat,
825 2903 867 2933 sd
902 2888 1058 2964 tessenda*i
1070 2901 1176 2940 pretio
1200 2899 1373 2939 compositi
1408 2899 1582 2938 composita
1615 2899 1728 2929 seditio
1751 2899 1940 2937 ambiguum

172 2961 310 2991 consilis
332 2962 443 2992 utitur.
480 2962 748 3000 intelligendum:
779 2960 928 2991 cmm'h'is.
953 2960 1057 2990 Ean.
1055 2939 1172 3012 tesset,
1196 2966 1272 2986 nam
1295 2962 1327 2987 et
1350 2962 1579 2995 praeparatam
1603 2961 1636 2986 et
1660 2956 1783 2986 finium
1807 2956 1939 2987 seditio·

173 3033 218 3040 —-
241 3017 378 3048 Antonii
397 3017 523 3059 litter-u]
550 3029 576 3049 c.
603 3020 645 3049 32
670 3018 821 3058 epistulae
846 3017 982 3047 Antonii
996 3015 1057 3045 ad
1056 3029 1059 3079 ἱ
1076 3026 1149 3046 nem
1174 3018 1224 3058 (ut
1247 3016 1334 3045 Suet.
1360 3012 1519 3043 Octavius
1543 3014 1565 3042 4
1595 3012 1767 3051 composita
1791 3012 1940 3042 teditwne

173 3071 303 3104 Oivilem
327 3076 359 3114 5,
386 3076 426 3106 26
452 3077 508 3106 ubi
524 3076 642 3106 Civilis
666 3077 731 3105 ait:
756 3075 815 3104 hoc
839 3074 943 3103 Primo
971 3073 1041 3102 An-
1056 3072 1206 3120 civili„
1190 3072 1422 3110 ε13υιᾱοαῑ.-
1439 3078 1539 3107 specte
1555 3067 1730 3108 epulam]
1751 3068 1859 3099 Germ.
1881 3070 1940 3100 22·

172 3130 259 3161 tome
288 3135 405 3168 notum,
436 3133 526 3163 euius
558 3133 702 3172 epistulis
735 3131 781 3161 ad
803 3130 915 3161 bellum
938 3134 1040 3171 *acciu
1056 3121 1112 3159 de
1132 3138 1215 3168 pace
1239 3137 1279 3157 ae
1302 3126 1381 3156 bauo
1410 3125 1595 3164 plerumque
1629 3125 1661 3155 in
1694 3125 1843 3156 eonviviis
1867 3135 1940 3156 cow-

173 3197 251 3226 εωη,
274 3197 313 3218 ne
330 3188 541 3220 Germanicae
556 3190 692 3229 legimus
708 3194 736 3219 et
754 3189 882 3219 Gallica
900 3188 1040 3217 iuventae
1075 3186 1202 3216 ευὶιαπι.
1228 3201 1270 3206 -
1304 3187 1391 3213 nocte
1415 3192 1455 3212 ae
1476 3181 1613 3221 ιαεείᾱα]
1635 3177 1671 3213 ’ἐν
1696 3178 1751 3214 διὰ
1778 3181 1880 3219 δυοῖν,
1905 3187 1941 3211 ut

173 3244 275 3284 Alpe·
298 3246 565 3278 trameenderent.
581 3265 626 3270 —-
641 3247 748 3277 accita
782 3244 910 3285 Vitellio]
936 3247 966 3282 2,
985 3244 1038 3275 97.
1076 3250 1172 3272 vocat
1205 3241 1292 3271 Roth
1316 3241 1356 3270 de
1387 3239 1509 3278 Synon-
1533 3239 1619 3277 apud
1644 3238 1720 3267 Tac.
1745 3247 1779 3276 p.
1803 3238 1857 3277 53,
1880 3247 1939 3277 pro

173 3304 214 3333 de
238 3302 350 3333 dativo
374 3303 416 3333 ef.
433 3303 561 3343 Βῆριν
584 3305 708 3342 syntax
732 3303 752 3343 ξ
770 3304 832 3342 51,
858 3300 1040 3340 Nipperdey
1073 3303 1160 3329 noete
1178 3307 1240 3337 per
1262 3297 1416 3327 laetitiam
1438 3299 1616 3326 transacta.
1648 3293 1804 3325 caeoiua-
1830 3298 1939 3347 sutem

174 3359 215 3389 sd
234 3362 321 3391 Ann.
342 3360 372 3397 2,
390 3361 444 3392 50.
462 3377 506 3383 -
522 3360 724 3391 Hordeonius
738 3358 890 3399 Fcaocus]
914 3360 1040 3396 legatus
1078 3356 1223 3394 menige
1259 3355 1298 3384 de
1325 3354 1417 3391 larga
1444 3351 1696 3391 compotatione.
1733 3350 1829 3390 Verg.
1858 3351 1937 3381 Aen.
