2176 3672
698 277 872 323 LIBER
902 280 973 324 lv.
1035 282 1135 337 Cap.
1167 284 1232 327 77.
1266 285 1331 328 78.
1363 286 1430 329 79.
1462 285 1528 328 80.
1903 288 1989 332 525

213 387 408 431 centibus
437 401 612 442 pravom
644 392 758 436 inter
796 394 916 448 ipsos
954 399 1167 440 certamen
1197 399 1353 442 omisso
1381 399 1504 443 hoste
1534 400 1671 454 spolia
1700 401 1983 445 consectandi.

212 465 391 511 Cerialis
410 472 460 511 ut
478 470 643 514 incuria
671 485 806 526 prope
834 486 925 517 rem
945 474 1112 529 afflixit,
1142 478 1204 520 ita
1226 479 1466 522 constantia
1491 480 1704 533 restituit;
1732 484 1986 536 secutusque

210 546 427 591 fortunam
458 548 817 595 castfa'hostium
848 555 996 598 eodem
1027 557 1096 600 die
1127 558 1244 610 capit
1273 559 1552 613 excinditque.
1597 559 1690 612 (79)
1718 571 1795 603 nec
1824 560 1866 602 in
1896 559 1985 603 lon·

209 639 311 682 gum
341 629 462 682 quies
502 629 627 673 militi
666 632 782 675 data.
842 633 1022 677 orabant
1062 636 1266 680 auxilium
1297 639 1630 692 Agrippinenses
1669 639 1985 694 offerebantque

209 720 385 752 uxorem
416 721 467 752 ac
496 722 684 754 sororem
718 711 865 756 Civilis
894 719 939 757 et
967 713 1097 758 filiam
1129 715 1322 768 Classici,
1351 717 1502 761 relicta
1531 718 1611 760 sibi
1640 718 1818 772 pignora
1846 719 2017 762 socie-⁵

208 787 326 831 tatis.
356 792 485 843 atque
514 790 683 834 interim
706 793 923 846 dispersos
945 795 986 837 in
1019 796 1212 839 domibus
1234 795 1470 840 Germanos
1500 798 1840 850 trucidaverant;
1870 799 1983 842 unde

207 871 349 912 metus
378 872 422 912 et
440 870 581 914 iustae
602 884 750 924 preces
769 874 1068 928 invocantium,
1100 880 1325 931 antequam
1346 876 1492 920 hostes
1513 877 1724 930 reparatis
1744 877 1906 920 viribus
1927 878 1983 920 ad

207 959 326 1001 spem
359 949 427 992 vel
456 950 511 992 ad
541 951 745 995 ultionem
778 954 1110 1007 accingerentur.
1142 969 1324 1010 namque
1354 961 1399 999 et
1426 955 1571 999 Civilis
1599 955 1699 999 illuc
1729 956 1983 1007 intenderat,

205 1035 288 1070 no'n
319 1027 535 1072 invalidus
564 1030 896 1085 flagrantissima
925 1035 1160 1078 cohortium
1192 1049 1367 1079 suarum
1397 1037 1578 1090 integra,
1608 1048 1716 1090 quae
1745 1049 1769 1079 e
1800 1036 1980 1080 Chaucis

205 1107 441 1163 Frisiisque
456 1112 693 1164 composita
708 1113 896 1157 Tolbiaci
916 1115 958 1157 in
980 1113 1134 1158 finibus
1151 1116 1527 1170 Agrippinensium
1548 1115 1727 1169 agebat;
1747 1116 1823 1159 sed
1843 1116 1981 1159 tristis
1996 1131 2037 1160 10

204 1188 379 1232 nuntius
398 1191 569 1244 avertit,
600 1192 784 1236 deletam
814 1194 1031 1238 cohortem
1063 1196 1161 1238 dolo
1182 1196 1568 1251 Agrippinensium,
1599 1195 1671 1250 qui
1689 1195 1821 1249 largis
1842 1195 1980 1248 epulis

202 1268 385 1323 vinoque
414 1270 578 1324 sopitos
598 1271 845 1326 Germanos,
877 1274 1033 1317 clausis
1066 1275 1239 1326 foribus,
1269 1277 1366 1328 igne
1396 1276 1553 1318 iniecto
1574 1286 1824 1318 cremavere.
1854 1274 1978 1317 simul

203 1346 382 1392 Cerialis
411 1362 595 1404 propero
619 1353 790 1405 agmine
820 1354 1027 1396 subvenit.
1057 1355 1394 1398 circumsteterat
1414 1354 1589 1398 Civilem
1620 1357 1664 1397 et
1693 1353 1804 1396 alius
1824 1358 1979 1406 metus,

201 1441 256 1471 ne
276 1433 433 1483 quarta
452 1430 618 1473 decima
636 1430 749 1485 legio
770 1433 970 1476 adiuncta
992 1433 1238 1477 Britannica
1259 1433 1395 1477 classe
1415 1433 1656 1476 adflictaret
1675 1432 1875 1484 Batavos,
1896 1444 1979 1486 qua

202 1508 373 1551 Oceano
404 1509 663 1554 ambiuntur.
695 1512 771 1554 sed
802 1511 1009 1565 legionem
1040 1514 1235 1556 terrestri
1264 1514 1420 1556 itinere
1441 1512 1599 1555 Fabius
1621 1511 1790 1554 Priscus
1809 1510 1976 1564 legatus
1998 1524 2035 1553 15

202 1588 244 1631 in
274 1588 454 1632 Nervios
486 1590 766 1645 Tungrosque
799 1592 935 1643 duxit,
975 1605 1132 1646 eaeque
1163 1593 1358 1636 civitates
1388 1593 1432 1635 in
1463 1592 1720 1635 deditionem
1751 1594 1976 1643 acceptae:

201 1667 383 1712 classem
405 1669 519 1711 ultro
543 1669 848 1714 Canninefates
869 1672 1060 1725 adgressi
1090 1676 1203 1725 sunt,
1224 1673 1443 1727 maiorque
1462 1683 1564 1726 pars
1583 1670 1752 1713 navium
1773 1670 1975 1722 depressa

200 1752 278 1790 aut
297 1753 434 1802 capta.
466 1754 511 1792 et
530 1749 785 1793 Nerviorum
809 1750 1123 1794 multitudinem
1145 1756 1295 1805 sponte
1317 1755 1583 1803 commotam,
1612 1756 1659 1792 ut
1678 1761 1756 1802 pro
1777 1748 1977 1790 Romanis

198 1826 355 1870 bellum
377 1834 634 1883 capesseret,
665 1831 776 1873 idem
799 1830 1100 1874 Canninefates
1130 1831 1302 1883 fudere;
1334 1831 1547 1874 Classicus
1577 1841 1744 1883 quoque
1773 1827 1976 1870 adversus

200 1907 366 1962 equites
396 1907 654 1952 Novaesium
686 1922 712 1952 a
733 1909 898 1953 Ceriale
927 1911 1185 1964 praemissos
1216 1912 1443 1953 secundum
1475 1909 1681 1963 proelium
1712 1906 1825 1949 fecit.
1867 1917 1975 1960 quae
1989 1918 2033 1947 20

199 1987 367 2029 modica
396 1988 471 2030 sed
502 1989 651 2032 crebra
680 1990 836 2033 damna
864 1989 1021 2033 famam
1053 1991 1255 2033 victoriae
1285 2003 1421 2044 nuper
1450 1994 1601 2044 partae
1629 1986 1886 2029 lacerabant.

313 2066 405 2120 (80)
436 2067 578 2110 Isdem
601 2068 752 2112 diebus
772 2070 996 2113 Mucianus
1016 2070 1178 2114 Vitellii
1198 2070 1329 2113 filium
1360 2068 1541 2113 interfici
1571 2067 1701 2118 iubet,
1732 2076 1974 2108 mansuram

197 2146 454 2190 discordiam
475 2147 726 2202 obtendens,
758 2150 803 2192 ni
833 2149 995 2193 semina
1025 2150 1122 2193 belli
1154 2150 1429 2192 restinxisset.
1461 2160 1596 2201 neque
1618 2145 1849 2188 Antonium
1882 2142 1973 2185 Pri-

196 2238 311 2268 mum
341 2227 501 2270 adsciri
531 2227 643 2271 inter
663 2230 838 2272 comites
858 2242 884 2271 a
907 2229 1148 2272 Domitiano
1170 2242 1323 2283 passus
1344 2233 1421 2281 ost,
1453 2226 1599 2270 favore
1620 2224 1801 2268 militum
1822 2223 1974 2265 anxius

196 2310 241 2350 et
273 2307 477 2360 superbia
507 2308 600 2360 viri,
642 2308 880 2363 aequalium
912 2322 1091 2364 quoque,
1122 2310 1228 2352 adeo
1259 2309 1523 2362 superiorum
1555 2302 1835 2347 intolerantis.
1874 2313 1972 2354 pro·
1986 2316 2029 2346 π

335 2445 355 2475 2
379 2445 508 2476 ἱιιοιιῐίἶ
601 2447 619 2476 7
642 2446 718 2484 pecs
811 2448 831 2477 8
855 2456 954 2486 nnnq;
1049 2447 1233 2476 Intenderet
1258 2445 1304 2487 (at
1327 2454 1485 2484 super-scr.
1514 2441 1590 2486 lm.)
1684 2441 1703 2471 9
1730 2437 1975 2478 instantissima

194 2490 222 2526 (l
246 2499 404 2530 owner.
431 2493 508 2531 lm.)
604 2491 733 2529 integra
757 2501 840 2531 quae
864 2503 882 2523 e
907 2491 1047 2523 Chaucis
1071 2491 1231 2522 Pichem:
1254 2491 1418 2531 Integraq3
1443 2494 1475 2521 et
1498 2499 1515 2519 e
1540 2487 1672 2519 cauchis
1767 2486 1805 2515 11
1833 2480 1973 2525 adlnfitit

192 2533 249 2578 (ud
273 2535 335 2567 dol.
363 2536 439 2577 ln.)
542 2536 649 2577 epulis
672 2535 808 2578 (apicati
832 2538 892 2569 del.
923 2536 998 2573 lm.)
1125 2539 1165 2568 14
1191 2536 1389 2567 brittannica
1515 2536 1555 2565 16
1579 2542 1618 2563 ea
1642 2540 1724 2571 eque
1839 2533 1971 2568 accepte

197 2582 238 2613 1¹1
260 2579 381 2625 enulae
405 2582 531 2614 notatos
611 2582 733 2622 depes:
827 2586 868 2615 18
892 2584 1010 2623 sponte
1032 2583 1153 2623 (notam
1177 2582 1236 2612 del.
1264 2581 1340 2619 lm.)
1434 2582 1475 2611 19
1499 2588 1602 2610 caune
1626 2578 1751 2608 ner-tos
1830 2574 1972 2615 Clau-ila

194 2627 240 2658 20
293 2628 365 2668 filil-1
479 2630 520 2660 21
564 2632 657 2668 parte
771 2629 959 2660 lacerabant
980 2629 1010 2667 (r
1034 2638 1073 2659 σω
1095 2629 1117 2659 b
1140 2637 1222 2659 σον-ν.
1251 2626 1327 2663 lm)
1441 2627 1484 2658 88
1524 2625 1598 2655 Isde
1631 2627 1662 2662 (s
1681 2631 1720 2653 ex
1741 2621 1761 2651 d
1786 2630 1869 2652 corr.
1896 2618 1971 2662 la.)

196 2674 239 2704 ²3
271 2671 321 2717 ui]
346 2683 387 2705 ue
505 2675 548 2706 24
572 2674 796 2706 addomitinno
910 2674 1045 2705 anexius
1138 2674 1180 2705 25
1204 2673 1367 2713 equalium

194 2790 1166 2839 ωηαωηκνωπικηᾈψοαᾱωηωωωωάω
1197 2798 1335 2837 pn‘mu-
1370 2806 1483 2827 naem
1524 2795 1726 2826 mmm
1765 2795 1888 2826 noum.
1925 2810 1970 2818 .-

191 2855 262 2886 illio
282 2856 452 2887 vacaria-⁸
471 2856 642 2888 Germanis
656 2856 823 2893 abanim.
849 2855 921 2886 dum
941 2856 1066 2887 omissis
1101 2855 1245 2885 temam·
1263 2851 1388 2896 itinero]
1415 2857 1459 2890 et,
1493 2856 1527 2882 ut
1561 2852 1699 2887 videtur,
1736 2850 1868 2881 militari
1903 2851 1969 2890 vin,

191 2912 263 2944 ulit
281 2913 413 2953 praeda
434 2923 548 2944 naum
571 2913 755 2952 impedimtt.
1102 2921 1184 2951 quae
1208 2912 1305 2942 etiam
1332 2919 1417 2940 nuuc
1440 2909 1519 2940 satis
1554 2909 1682 2946 integr·
1715 2911 1765 2938 est
1789 2911 1821 2937 et
1843 2916 1864 2938 a
1887 2906 1967 2939 Ges-

241 2971 296 3003 ⁶1⁹.
341 2970 377 3001 iu
399 2970 536 3010 loa-qun]
562 2975 597 3000 ut
614 2981 640 3000 c.
662 2971 703 3001 22
729 2970 763 2999 in
786 2970 912 3009 longum
929 2969 1066 3007 suffcct'ae—
1102 2968 1278 2999 soriacensi
1304 2972 1398 3006 portu
1422 2967 1468 3006 (h.
1493 2964 1666 3003 Bonum)
1702 2964 1865 3003 Bagacum
1888 2964 1969 2995 Nor-

192 3030 271 3059 unt.
318 3027 360 3059 ef.
396 3026 523 3058 Gerber
546 3031 579 3058 et
603 3026 714 3063 Graes,
738 3027 879 3057 Βαίου·
906 3026 1067 3056 Tae-iteum
1104 3025 1228 3055 viorum
1250 3022 1297 3065 (h.
1323 3023 1445 3061 Bavai)
1479 3026 1512 3053 et
1536 3021 1739 3052 Aduatucam
1762 3019 1968 3059 Tungrorum

193 3092 227 3123 p.
252 3084 319 3115 588
337 3092 387 3123 sq.
413 3103 455 3108 —
484 3081 644 3127 Tolbiam]
668 3084 701 3115 h.
719 3083 859 3123 Zsslpu'ch.
880 3099 921 3105 -
946 3082 1065 3113 clausis
1102 3081 1148 3119 (h.
1179 3078 1331 3120 Toum-u)
1364 3078 1516 3110 ducebat.
1552 3078 1656 3108 Βιοτ.
1698 3093 1742 3100 --
1780 3075 1876 3118 οἷον]
1902 3086 1968 3108 uon

188 3139 330 3182 fon'bu]
363 3140 514 3180 aedificii,
547 3141 581 3170 in
618 3150 683 3180 quo
719 3140 836 3170 cohors
872 3140 929 3169 illa
953 3139 1065 3177 epulas
1103 3136 1246 3167 instincti
1271 3145 1291 3166 ι
1307 3134 1413 3166 Civile
1430 3133 1618 3165 Cluaicove
1643 3138 1700 3164 aut
1721 3133 1840 3164 iniuria
1866 3134 1967 3165 laces-

192 3196 428 3228 celebraverat.
442 3213 487 3220 —
500 3198 749 3229 circus-umeros
761 3195 888 3227 Oivaem
902 3212 943 3218 —
956 3192 1067 3236 nean]
1102 3193 1167 3224 siti.
1192 3193 1276 3223 inest
1293 3192 1388 3222 simul
1407 3191 1496 3221 notio
1523 3189 1706 3229 nocopimti
1729 3190 1878 3231 impetun,
1903 3200 1967 3230 quo

192 3253 328 3293 poetiee,
363 3257 400 3284 ut
423 3253 539 3286 Livius
563 3256 595 3293 6,
621 3257 653 3291 2,
676 3256 697 3285 4
723 3263 791 3284 cum
814 3252 898 3283 tanai
928 3251 1066 3289 undiquc
1102 3250 1268 3280 Romanos
1291 3247 1398 3278 adorti
1416 3248 1492 3279 siut.

189 3313 329 3341 emme
344 3311 597 3350 &undar-m,
612 3312 667 3349 42.
681 3311 735 3346 65,
751 3313 770 3341 8
788 3309 894 3349 inuam
907 3308 1065 3338 Bonnam
1146 3308 1201 3338 80.
1259 3304 1373 3336 Vitellia·
1390 3303 1503 3342 filiun]
1528 3303 1567 3334 de
1592 3312 1658 3342 quo
1682 3304 1715 3343 8,
1740 3304 1794 3336 50.
1811 3320 1857 3328 -
1872 3303 1965 3345 adeo]

190 3370 296 3398 ter-ror
318 3366 554 3398 obcaecabat.
580 3367 678 3402 Veroe-
705 3368 787 3397 Aen.
814 3367 845 3402 2,
870 3366 935 3396 559
961 3368 996 3394 at
1018 3373 1065 3393 me
1101 3367 1134 3392 ut
1158 3362 1331 3400 aliquoties
1356 3368 1415 3399 pro
1438 3363 1527 3390 unco
1548 3360 1662 3395 mania.
1688 3360 1809 3390 aava.
1833 3365 1867 3390 m
1887 3363 1914 3391 1.
1933 3362 1963 3390 9,
