2176 3672
692 216 863 261 LIBER
892 216 965 262 lv,
1025 217 1125 274 Cap.
1157 220 1223 263 23.
1254 221 1322 264 24.
1351 220 1419 264 25.
1845 222 1931 265 479

159 341 185 373 e
200 327 438 388 legionibus
453 330 582 375 Dillio
596 331 784 376 Voculae
804 333 1191 378 duoetvicensimae
1212 335 1389 389 legionis
1409 336 1552 390 legato
1572 337 1717 390 tradit,
1736 340 1786 380 nt
1805 348 1929 391 quam

158 409 354 453 mimis
389 423 466 464 per
494 412 632 466 ripam
651 412 876 455 itineribus
905 412 1121 465 celeraret,
1151 415 1242 468 ipse
1273 413 1464 469 navibus,
1496 416 1709 459 invalidus
1739 427 1931 470 corpore,

159 489 322 533 invisus
341 490 558 534 militibus.
607 504 747 546 neque
767 492 878 535 enim
898 492 1095 547 ambigue
1115 493 1352 538 fremebant
1386 495 1589 538 »emissas
1619 508 1645 538 a
1663 495 1931 549 Mogontiaco

157 566 416 613 Batavorum
457 571 667 625 cohortes,
707 572 997 615 dissimulatos
1026 571 1172 616 Civilis
1202 579 1391 628 conatus,
1422 574 1578 617 adsciri
1608 576 1651 617 in
1681 575 1929 619 societatem

157 647 404 693 Germanos.
462 664 544 694 non
575 651 705 694 Primi
744 651 917 694 Antonii
959 664 1095 706 neque
1123 652 1309 696 Muciani
1347 666 1428 708 ope
1458 653 1763 708 Vespasianum
1792 655 1963 709 magisf,

157 728 406 773 adolevisse.
465 736 618 785 aperta
647 732 746 774 odia
776 743 976 786 armaque
1004 732 1143 786 palam
1175 733 1352 786 depelli:
1385 732 1578 776 fraudem
1609 739 1653 777 et
1681 733 1823 776 dolum
1853 733 1928 777 ob·

157 820 283 853 scura
312 822 447 865 eoque
476 811 752 854 inevitabilia.
811 811 983 854 Civilem
1015 818 1132 855 stare
1163 817 1321 866 contra,
1353 816 1515 855 struere
1544 814 1704 856 aciem:
1735 814 1928 857 Hordeo-

156 889 275 933 nium
298 901 322 933 e
341 889 533 933 cubiculo
557 896 602 934 et
619 890 778 934 lectulo
798 891 957 945 iubere,
988 891 1194 946 quidquid
1223 891 1336 934 hosti
1366 893 1587 935 conducat.
1644 896 1711 935 tot
1739 898 1929 936 armatas

154 966 481 1012 fortissimorum
522 971 709 1013 virorum
738 983 887 1014 manus
922 972 1048 1014 unius
1078 972 1191 1014 senis
1221 971 1463 1014 valetudine
1493 973 1596 1026 regi.
1655 973 1754 1027 quin
1784 973 1928 1027 potius

154 1047 380 1093 interfecto
400 1050 619 1103 proditore
639 1050 850 1093 fortunam
872 1051 1157 1105 virtutemque
1178 1063 1297 1094 suam
1318 1051 1430 1094 malo
1450 1051 1590 1095 omine
1620 1052 1922 1096 exsolverent«
1943 1069 1984 1100 10

155 1127 222 1172 his
241 1128 354 1172 inter
382 1141 429 1173 se
459 1129 632 1173 vocibus
662 1131 886 1174 instinctos
914 1130 1185 1174 flammavere
1213 1131 1389 1185 insuper
1418 1132 1588 1175 adlatae
1617 1145 1644 1174 a
1663 1131 1926 1185 Vespasiano

154 1209 337 1263 litterae,
379 1222 484 1265 quas
513 1210 704 1262 Flaccus,
748 1211 848 1264 quia
879 1209 1084 1253 occultari
1114 1210 1358 1264 nequibant,
1388 1224 1466 1265 pro
1496 1213 1690 1255 contione
1718 1212 1926 1264 recitavit,

155 1289 404 1344 vinctosque
442 1291 515 1344 qui
544 1290 779 1333 attulerant
806 1290 863 1332 ad
891 1290 1110 1332 Vitellium
1140 1290 1268 1333 misit.
1329 1290 1419 1344 (25)
1451 1292 1512 1334 sic
1540 1291 1746 1346 mitigatis
1775 1292 1926 1334 animis

154 1369 358 1423 Bonnam,
395 1369 572 1412 hiberna
599 1370 764 1423 primae
794 1369 983 1423 legionis,
1014 1373 1198 1412 ventum.
1258 1370 1462 1414 infensior
1491 1371 1576 1415 illic
1605 1371 1727 1414 miles
1757 1372 1925 1425 culpam

155 1449 289 1492 cladis
316 1449 359 1492 in
390 1448 682 1492 Hordeonium
711 1448 926 1491 vertebat:
962 1450 1077 1492 »eius
1110 1450 1230 1492 iussu
1261 1451 1476 1494 derectam
1505 1452 1707 1494 adversus
1738 1451 1924 1495 Batavos
1940 1463 1981 1493 15

153 1529 300 1583 aciem,
331 1533 534 1582 tanquam
563 1541 589 1571 a
613 1528 882 1583 Mogontiaco
912 1528 1100 1583 legiones
1131 1534 1436 1583 sequerentur3
1467 1531 1656 1574 eiusdem
1685 1531 1925 1585 proditione

153 1619 314 1662 caeso8,
355 1608 484 1652 nullis
513 1608 910 1663 supervenientibus
940 1607 1120 1651 auxiliis.
1180 1609 1326 1664 ignota
1354 1609 1459 1653 haec
1489 1611 1640 1653 ceteris
1671 1610 1925 1654 exercitibus

152 1700 288 1743 neque
329 1689 580 1743 imperatori
610 1701 687 1732 suo
718 1689 919 1742 nuntiari,
962 1700 1055 1731 cum
1086 1689 1269 1732 adcursu
1299 1693 1365 1732 tot
1392 1690 1705 1743 provinciarum
1735 1691 1923 1745 extingui

151 1780 305 1823 repens
346 1767 528 1823 perfidia
557 1769 784 1823 potuerit«
846 1768 1114 1812 Hordeonius
1154 1770 1416 1823 exemplares
1445 1771 1630 1813 omnium
1670 1771 1922 1824 litterarum,

152 1848 305 1904 quibus
332 1861 412 1904 per
440 1849 602 1892 Gallias
632 1848 982 1902 Britanniamque
1013 1854 1057 1892 et
1078 1848 1309 1902 Hispanias
1341 1849 1497 1892 auxilia
1526 1850 1687 1903 orabat,
1718 1850 1924 1894 exercitui
1937 1859 1979 1890 20

150 1929 349 1972 recitavit
367 1929 640 1983 instituitque
659 1929 891 1982 pessimum
921 1927 1100 1982 facinus,
1131 1934 1177 1971 ut
1208 1928 1417 1982 epistulae
1448 1929 1682 1983 aquiliferis
1711 1929 1922 1983 legionum

150 2009 446 2061 traderentur3
478 2021 504 2051 a
523 2009 619 2063 quis
638 2014 738 2051 ante
758 2008 885 2051 militi
906 2020 1030 2062 quam
1051 2007 1229 2051 ducibus
1250 2008 1511 2062 legebantur.
1544 2014 1633 2051 tum
1663 2022 1686 2052 e
1705 2010 1923 2053 seditiosis

151 2102 282 2134 unum
302 2089 452 2133 vinciri
482 2089 612 2142 iubet,
642 2089 777 2143 magis
807 2088 1042 2142 usurpandi
1070 2088 1176 2131 iuris
1207 2100 1333 2142 quam
1363 2089 1462 2142 quia
1492 2089 1617 2131 unius
1646 2088 1771 2142 culpa
1798 2088 1921 2132 foret.

288 2231 306 2260 1
332 2238 350 2260 e
373 2228 452 2260 add.
476 2228 559 2260 det:
580 2237 641 2260 οη.
760 2229 779 2258 2
806 2227 882 2257 navi
919 2230 1032 2257 vectus
1063 2226 1165 2257 Rider
1196 2225 1350 2264 (navibus
1381 2231 1495 2257 vectus
1520 2226 1659 2267 Haase),
1682 2226 1823 2266 pavidus
1847 2226 1922 2257 deu.

150 2274 172 2305 8
194 2274 346 2314 ambigue
439 2274 621 2305 fremebant
643 2273 832 2304 mnam.-
854 2271 1008 2311 pmebant
1115 2273 1155 2303 10
1179 2272 1348 2311 proditore
1373 2273 1539 2302 Ferret-u:
1562 2272 1719 2302 traditore
1742 2271 1920 2311 (traditove

149 2319 314 2361 msam)
403 2320 511 2351 omine
534 2320 631 2351 dett„-
654 2319 786 2350 homine
879 2321 920 2349 14
945 2318 1032 2348 bona
1134 2319 1175 2347 15
1201 2318 1331 2348 derecta
1425 2319 1464 2349 16
1489 2318 1669 2356 magontito
1693 2316 1920 2359 (magontiaco

149 2375 234 2399 σατ-
259 2365 335 2407 lm.)
430 2368 470 2397 19
496 2366 699 2405 exemplaria
714 2362 971 2407 dm.(exemp1a
986 2363 1100 2402 Bauer)
1193 2363 1236 2394 20
1261 2362 1480 2402 brittanniam
1575 2363 1620 2403 et]
1644 2373 1683 2393 ex
1775 2364 1816 2394 21
1843 2363 1919 2402 eple

149 2422 220 2444 am
242 2411 300 2445 len.
324 2413 360 2444 in
381 2412 440 2443 litt.
466 2412 475 2441 l
569 2413 610 2443 82
637 2411 800 2443 siditionis
825 2410 994 2451 (siditiosis
1018 2418 1102 2440 cor-r.
1131 2409 1206 2446 lm.)

195 2550 248 2582 u.
273 2550 555 2582 &ammae
569 2548 712 2589 leqiomsss]
737 2553 786 2579 est
803 2548 890 2587 legio
907 2546 1015 2578 XXII.
1052 2545 1230 2576 Hordeonii
1254 2554 1435 2584 cognomen
1459 2544 1598 2575 Flaccus
1622 2545 1775 2575 referunt.
1802 2547 1836 2575 at
1852 2554 1917 2576 non

149 2607 363 2648 Primigenia,
398 2607 440 2638 ef.
484 2605 526 2638 W.
552 2606 697 2645 Pfitmoer,
730 2604 926 2636 Geschichte
960 2603 1018 2634 der
1053 2606 1132 2642 erat,
1158 2612 1215 2633 cnr
1239 2607 1307 2632 tum
1324 2602 1454 2632 demum
1469 2602 1531 2632 hoc
1548 2610 1642 2632 omen
1658 2600 1915 2631 reformidarent.

149 2664 335 2696 riimiechen
359 2663 633 2702 Kaiserlegionen
657 2673 689 2702 p.
718 2663 781 2693 126
806 2666 837 2692 et
864 2661 940 2691 2⁷0.
972 2678 1016 2683 -—
1099 2661 1151 2691 25.
1177 2656 1383 2702 exemplares]
1410 2668 1526 2689 »usum
1549 2657 1701 2688 adiectivi
1724 2656 1918 2696 exemplam

150 2721 218 2761 ipae
237 2719 386 2764 ωυῶω]
424 2721 496 2753 scil.
529 2719 677 2759 sequamur,
713 2719 800 2758 quod
837 2727 876 2748 ex
913 2716 1016 2747 verbo
1053 2715 1094 2746 ab
1122 2716 1184 2746 hee
1212 2719 1317 2746 aetate
1352 2725 1416 2746 non
1451 2716 1547 2754 plane
1581 2714 1756 2745 abhorrere
1779 2714 1917 2745 efficitur

149 2777 301 2810 ecloum
319 2779 419 2818 paulo
444 2778 557 2809 durius
581 2775 840 2808 subaudiendum
864 2778 923 2805 est.
959 2783 1018 2813 op·
1054 2783 1093 2803 ex
1117 2772 1294 2803 Frontonis
1318 2772 1422 2812 Epist.
1449 2773 1480 2810 2,
1507 2772 1537 2809 5,
1562 2771 1616 2801 ubi
1649 2771 1689 2801 ad
1713 2771 1915 2801 Antoninum

150 2840 315 2874 ponuntur
352 2835 435 2866 haec
469 2834 614 2864 Voculae
651 2833 759 2863 itineri
796 2841 853 2871 per
891 2830 1016 2870 ripam3
1054 2829 1186 2861 scribit:
1223 2829 1416 2868 exemplare·
1449 2837 1554 2859 eoram
1576 2832 1791 2867 excerptorum
1813 2826 1916 2858 aanor

151 2891 283 2923 additur
318 2892 414 2932 ratio,
455 2901 513 2922 cur
548 2890 619 2930 ipse
654 2889 831 2928 navigarit,
866 2887 1017 2918 nimirum
1045 2886 1148 2925 scal«
1176 2885 1357 2916 Pnunezu
1381 2885 1465 2915 Ann.
1483 2885 1516 2914 in
1540 2883 1616 2916 Tae.
1634 2885 1727 2923 Spec.
1743 2883 1783 2914 11.
1811 2893 1842 2923 p.
1861 2885 1914 2916 10.

151 2951 285 2988 propter
298 2948 521 2979 valendinem
536 2947 708 2986 infimam,
733 2946 893 2984 simulque
917 2944 1016 2983 signi-
1054 2961 1097 2966 —
1113 2942 1262 2982 epistulae
1286 2939 1480 2984 aquaiseris]
1504 2941 1580 2980 quia
1596 2940 1750 2979 legendae
1765 2939 1806 2970 ad
1823 2940 1917 2980 signa

151 3003 267 3035 fleatur
282 3012 356 3035 enm
373 3005 559 3045 copiasque,
573 3014 655 3043 qnae
672 3013 774 3033 naves
789 3001 1016 3040 ascenderant,
1053 3000 1087 3030 id
1112 3004 1162 3030 est
1186 3000 1218 3029 in
1242 2998 1425 3038 principiis.
1460 2997 1653 3037 Spartianus
1677 2997 1710 3026 in
1734 2997 1915 3029 Pescennio

151 3069 226 3091 cum
259 3059 369 3092 Civile
400 3070 548 3101 pugnare
581 3071 646 3091 non
677 3060 831 3100 potuisse,
866 3058 1018 3098 quocirca
1053 3057 1155 3095 Nigro
1183 3058 1203 3087 4
1230 3064 1269 3086 ex
1294 3056 1431 3095 epistole
1453 3053 1497 3084 M.
1516 3053 1692 3084 Antonini.
1715 3053 1824 3092 itaque
1842 3053 1918 3085 nien·

151 3116 239 3147 vires
274 3116 496 3149 Romanorum
531 3119 597 3149 iam
633 3127 692 3157 per
726 3126 761 3147 se
798 3115 884 3154 baud
921 3114 1018 3145 nimis
1052 3113 1176 3144 litteras
1191 3110 1552 3149 νισὰαηᾱαοαᾶοἰφια
1573 3111 1724 3141 L11’8.—-
1683 3109 1916 3150 —uewpoendi

151 3172 282 3204 validae
304 3173 410 3213 magis
433 3175 531 3206 etiam
555 3178 742 3205 attenuatae
765 3174 839 3204 sint.
866 3189 909 3194 —
931 3171 1016 3202 mlo
1051 3168 1142 3212 iuris]
1183 3178 1292 3207 cauea,
1317 3172 1353 3199 nt
1375 3170 1458 3198 Ann.
1485 3170 1516 3205 2,
1542 3167 1584 3198 59
1609 3171 1639 3197 et
1662 3165 1750 3197 alibi.
1776 3166 1913 3200 Duum.

151 3227 267 3273 omine]
294 3230 383 3270 quia,
406 3231 435 3262 ei
451 3232 651 3271 proditorem
667 3231 780 3261 ducem
798 3229 1014 3268 patiebantur,
1053 3226 1129 3257 Sall.
1147 3227 1217 3264 lug.
1235 3227 1289 3264 88,
1306 3227 1346 3255 4:
1372 3233 1453 3263 qnae
1471 3227 1639 3263 postquam
1660 3223 1805 3262 plor-'om
1821 3223 1913 3255 nodo

151 3288 215 3328 ipsi
227 3286 315 3318 noxii
326 3291 359 3318 et
370 3288 555 3326 proditione
568 3289 660 3320 ducis
675 3287 791 3328 polluti
805 3286 1014 3317 videbantur.
1050 3293 1145 3322 neque
1169 3282 1243 3313 beni
1260 3280 1421 3322 patrandi
1442 3279 1595 3320 conmorit.
1632 3279 1706 3311 Liv.
1733 3281 1786 3318 27,
1812 3282 1844 3321 9,
1869 3282 1910 3313 12

151 3344 251 3375 Riaer
274 3350 307 3375 et
330 3343 395 3375 Ed.
420 3342 510 3383 Wolff
525 3346 647 3375 malim
663 3354 757 3375 omen
782 3344 823 3374 ad
840 3343 1013 3373 infaustum
1049 3351 1087 3371 ea
1115 3339 1274 3380 prodendi
1299 3337 1425 3377 impera·
1446 3337 1588 3376 Romani,
1621 3336 1796 3367 orode-du
1820 3338 1909 3369 Hm·-
