2176 3672
694 286 867 332 LIBER
894 284 973 333 ΠΙ.
1034 289 1135 344 Cap.
1168 290 1235 334 66.
1268 289 1335 334 67.
1367 289 1435 334 68.
1868 289 1955 333 439

171 414 394 457 superesse
423 404 568 447 studia
596 403 754 458 populi.
786 403 966 458 denique
995 404 1099 447 nihil
1129 404 1316 448 atrocius
1336 406 1590 447 eventurum
1621 416 1748 458 quam
1779 403 1822 446 in
1843 404 1957 458 quod

170 486 322 536 sponte
350 488 488 527 ruant.
530 484 794 529 moriendum
835 484 974 537 victis,
1003 484 1263 527 moriendum
1305 484 1484 527 deditis:
1526 484 1571 526 id
1611 483 1747 527 solum
1788 483 1958 557 referre,

171 563 445 606 novissimum
474 563 672 618 spiritum
702 577 779 618 per
808 564 1037 608 ludibrium
1068 568 1113 607 et
1132 563 1411 608 contumelias
1440 563 1659 607 effundant
1688 576 1742 606 an
1763 576 1842 618 per
1870 564 1958 606 vir·

170 635 318 687 tutem.
377 644 471 698 (67)
502 644 655 686 surdae
686 645 743 686 ad
771 644 899 687 fortia
928 644 1103 688 consilia
1123 644 1298 687 Vitellio
1327 656 1467 687 aures,
1512 643 1773 687 obruebatur
1792 644 1959 686 animus

170 722 440 771 miseratione
479 736 675 778 curaque,
715 737 766 768 ne
803 723 1093 779 pertinacibus
1134 725 1264 767 armis
1303 725 1443 767 minus
1473 724 1723 777 placabilem
1753 725 1958 767 victorem
1998 742 2017 772 5

170 802 430 857 relinqueret
458 803 624 857 coniugi
654 817 704 847 ac
732 804 890 848 liberis.
948 808 1043 847 erat
1071 804 1132 847 illi
1164 809 1208 847 et
1237 804 1351 848 fessa
1380 808 1524 847 aetate
1553 816 1729 858 parens3
1761 817 1870 859 quae
1890 807 1957 847 ta-

170 894 263 925 men
307 884 456 936 paucis
497 888 598 927 ante
640 884 790 928 diebus
830 889 1068 939 opportuna
1109 890 1244 928 morte
1283 885 1491 928 excidium
1535 885 1685 928 domus
1722 884 1958 939 praevenit,

169 962 274 1005 nihil
303 963 546 1017 principatu
567 963 644 1006 filii
673 966 878 1008 adsecuta
899 966 981 1008 nisi
1010 965 1172 1009 luctum
1193 970 1238 1008 et
1258 966 1409 1008 bonam
1430 965 1598 1008 famam.
1640 979 1719 1009 xv.
1751 964 1957 1008 kalendas

169 1041 392 1086 Ianuarias
422 1044 570 1086 audita
600 1044 836 1088 defectione
874 1045 1051 1100 legionis
1081 1045 1413 1099 cohortiumque,
1455 1057 1564 1099 quae
1594 1058 1640 1088 se
1667 1045 1854 1088 Narniae
1882 1046 1957 1087 de-

169 1121 380 1175 diderant,
410 1123 526 1177 pullo
555 1125 713 1167 amictu
744 1124 909 1167 Palatio
938 1125 1202 1179 degreditur,
1242 1128 1406 1169 maesta
1446 1126 1604 1168 circum
1634 1124 1807 1167 familia.
1841 1124 1954 1180 [seu]
1972 1141 2014 1170 10

167 1200 384 1246 ferebatur
425 1202 621 1246 lecticula
659 1204 862 1257 parvulus
900 1203 1027 1259 filius,
1064 1204 1182 1248 velut
1220 1205 1263 1247 in
1302 1204 1523 1248 funebrem
1563 1217 1774 1259 pompam.
1832 1216 1955 1247 voees

167 1282 316 1337 populi
345 1282 528 1326 blandae
557 1287 601 1326 et
630 1284 977 1338 intempestivae;
1020 1284 1141 1328 miles
1172 1284 1326 1327 minaci
1368 1285 1549 1328 silentio.
1609 1285 1703 1339 (68)
1734 1296 1810 1327 nec
1839 1283 1955 1338 quis-

167 1374 295 1416 quam
324 1363 431 1406 adeo
460 1375 599 1406 rerum
632 1364 912 1408 humanarum
942 1365 1158 1418 inmemor,
1200 1377 1324 1418 quem
1363 1377 1444 1407 non
1477 1368 1760 1407 commoveret
1788 1364 1864 1406 illa
1891 1363 1955 1406 fa-

166 1442 266 1495 cies,
294 1442 529 1486 Romanum
562 1444 793 1498 principem
825 1450 869 1488 et
898 1446 1066 1498 generis
1086 1445 1261 1488 humani
1280 1445 1410 1499 paulo
1430 1449 1530 1488 ante
1550 1445 1778 1496 dominum,
1808 1443 1956 1487 relicta

165 1521 360 1565 fortunae
390 1535 492 1566 suae
522 1524 635 1577 sede,
664 1537 743 1578 per
771 1525 990 1579 populum,
1019 1539 1097 1580 per
1127 1526 1272 1569 urbem
1295 1526 1409 1568 exire
1440 1526 1493 1567 de
1513 1525 1703 1579 imperio.
1733 1524 1838 1567 nihil
1868 1523 1955 1566 tale
1970 1539 2012 1569 15

166 1601 374 1655 viderant,
404 1603 507 1646 nihil
537 1605 773 1648 audierant.
814 1605 1035 1659 repentina
1054 1606 1119 1649 vis
1149 1606 1402 1649 dictatorem
1423 1605 1646 1648 Caesarem
1671 1608 1955 1672 oppresserat,

166 1682 357 1725 occultae
387 1683 541 1726 Gaium
574 1684 776 1739 insidiae;
819 1698 900 1728 nox
942 1690 987 1729 et
1015 1686 1205 1740 ignotum
1237 1699 1310 1729 rus
1340 1686 1483 1739 fugam
1513 1685 1692 1728 Neronis
1721 1684 1952 1728 absconde-

170 1766 289 1815 rant3
318 1762 418 1805 Piso
448 1767 494 1806 et
514 1764 652 1807 Galba
681 1768 884 1818 tanquam
914 1766 955 1808 in
987 1766 1079 1808 acie
1109 1766 1312 1810 cecidere.
1342 1766 1385 1808 in
1416 1779 1496 1809 sua
1526 1765 1719 1808 contione
1738 1764 1950 1816 Vitellius,

166 1841 278 1884 inter
307 1853 407 1886 suos
428 1843 596 1895 milites,
626 1846 999 1898 prospectantibus
1020 1846 1150 1889 etiam
1171 1845 1352 1900 feminis,
1382 1858 1519 1899 pauca
1539 1851 1584 1888 et
1603 1845 1816 1898 praesenti
1838 1857 1950 1887 mae-

168 1922 314 1965 stitiae
344 1925 622 1978 congruentia
651 1925 828 1978 locutuS,
857 1926 1006 1969 cedere
1035 1938 1081 1969 se
1110 1926 1229 1980 pacis
1259 1930 1303 1968 et
1333 1925 1394 1968 rei
1424 1925 1618 1978 publicae
1648 1937 1777 1967 causa
1796 1948 1848 1954 —
1882 1937 1948 1966 re·
1964 1940 2008 1969 20

166 2002 353 2046 tinerent
391 2008 558 2046 tantum
610 2005 859 2048 memoriam
899 2006 966 2049 sui
1006 2005 1267 2060 fratremque
1308 2010 1352 2048 et
1392 2007 1612 2058 coniugem
1653 2008 1697 2047 et
1737 2004 1950 2046 innoxiam

260 2122 274 2149 1
303 2119 406 2150 nichil
482 2122 502 2150 2
527 2124 603 2151 ruat
625 2120 811 2161 Nipperdey
893 2123 912 2152 3
939 2109 1013 2162 εἷιῖι
1082 2124 1103 2153 4
1128 2132 1223 2153 aures
1240 2119 1487 2166 obruebanltur.
1573 2124 1592 2153 6
1621 2120 1730 2160 Elugis
1802 2122 1820 2151 7
1846 2114 1948 2162 [ante]

166 2163 236 2195 1010.
261 2165 383 2196 Mimo·
499 2167 520 2197 8
544 2166 645 2197 nichil
731 2168 800 2197 filia
868 2169 905 2199 kl
930 2179 1003 2198 cum
1025 2168 1082 2199 lin.
1106 2167 1141 2198 in
1164 2169 1176 2198 1
1260 2170 1280 2200 9
1304 2165 1366 2200 Ian'
1482 2168 1629 2207 legiones
1654 2166 1804 2198 cohortifi
1823 2166 1829 2206 Ι
1850 2173 1949 2205 queq3

166 2212 209 2242 10
235 2211 335 2242 famia
355 2210 361 2254 Ι
381 2211 469 2254 (poet
485 2212 585 2243 famia
597 2213 735 2253 spatmm
753 2217 905 2252 quattuor
917 2213 991 2253 fere
1006 2214 1186 2245 lateram
1201 2224 1347 2251 vacuum,
1367 2214 1440 2244 dein
1465 2213 1608 2252 sequitur
1621 2222 1703 2244 novo
1723 2221 1816 2243 versu
1847 2212 1949 2242 misso

165 2265 224 2295 per
249 2258 398 2296 neglecta
421 2259 463 2296 ej.
490 2258 538 2288 ad
560 2269 587 2289 c.
606 2260 665 2298 65)
735 2259 805 2300 seu]
829 2260 928 2291 simul
951 2260 1155 2298 Puteolanus,
1180 2263 1256 2299 post
1272 2269 1347 2290 eum
1364 2258 1423 2301 (=
1450 2258 1537 2300 p’efi)
1556 2260 1674 2290 Mei-m
1745 2260 1783 2289 11
1811 2255 1949 2295 funebre

163 2301 302 2343 ponpa}
417 2305 459 2333 14
484 2300 581 2347 rolnu
606 2304 677 2346 (mu.
699 2305 771 2335 add
794 2307 871 2345 2m.)
970 2308 1010 2337 1‘1
1037 2307 1163 2337 occulte
1259 2307 1300 2336 19
1326 2306 1446 2336 milites
1474 2306 1522 2347 (in
1550 2306 1614 2343 fine
1636 2302 1794 2345 paginae)
1828 2303 1948 2334 milites

165 2348 309 2388 mestitie
333 2350 375 2379 21
402 2351 462 2379 sui
485 2349 689 2391 (eorr.1m.)

213 2439 267 2471 67.
302 2440 520 2479 pertinacibus
561 2440 674 2485 armis]
728 2443 776 2474 »si
828 2443 1053 2482 pertinaciter*
1072 2461 1114 2466 —
1133 2443 1257 2475 dudae.
1276 2447 1354 2482 post
1376 2452 1431 2474 eas
1456 2442 1518 2473 duo
1543 2443 1636 2482 siqua
1658 2459 1697 2464 —
1717 2439 1944 2481 portabantur.

164 2496 290 2527 bellum
329 2498 577 2530 continuaturus
616 2503 732 2532 esset«
785 2502 953 2532 Rursum.
992 2519 1036 2524 —-
1051 2499 1203 2532 Curtius
1228 2501 1340 2538 8,14‚
1370 2501 1409 2531 10
1437 2504 1514 2539 poet
1536 2508 1588 2530 eos
1614 2502 1771 2538 posuerat
1795 2497 1945 2537 peditem,

165 2557 306 2584 avoee—
324 2553 507 2598 praevenit]
531 2556 572 2586 de
597 2556 660 2587 hoc
683 2557 876 2596 pleonasmo
901 2558 942 2588 ef.
961 2558 1035 2588 dial.
1072 2557 1222 2588 Tibullus
1249 2558 1427 2596 1,10,23
1459 2561 1553 2595 aeque
1591 2555 1709 2595 aliquis
1733 2555 1799 2585 voti
1821 2563 1947 2593 compos

168 2611 208 2641 18
243 2610 275 2641 n·
304 2610 390 2642 illud
422 2616 495 2642 ante
522 2612 732 2652 praedium-0.
781 2614 908 2653 Dreiqer
941 2614 1034 2654 Synt.
1071 2612 1138 2644 liba
1162 2614 1229 2653 ipse
1251 2612 1382 2651 ferebat
1403 2613 1558 2655 {poaque
1592 2621 1692 2642 comes
1724 2621 1843 2651 pta-um
1873 2610 1948 2648 filia

165 2666 185 2706 ἓ
210 2669 286 2698 241.
323 2685 368 2691 —-
403 2673 584 2708 opportuna
608 2667 719 2713 morte]
751 2671 860 2710 Atque
884 2671 960 2701 hinc
985 2681 1036 2701 su·
1067 2681 1175 2710 parva
1212 2670 1342 2709 favum.
1379 2688 1422 2693 —
1456 2666 1616 2712 lecticula]
1665 2668 1796 2699 cornel.
1836 2667 1947 2707 Nepos

165 2723 279 2763 spicio,
304 2725 345 2756 de
370 2734 434 2764 qua
458 2726 547 2757 Suet.
572 2727 637 2757 vit.
667 2729 727 2758 14:
758 2727 926 2767 Stupoctus
951 2732 980 2757 et
1003 2728 1053 2770 in¹
1073 2728 1139 2759 Att.
1167 2728 1208 2758 22
1241 2727 1354 2758 elam.
1370 2732 1416 2757 est
1448 2727 1482 2756 in
1508 2725 1665 2762 lecticula,
1695 2730 1730 2755 ut
1756 2725 1823 2764 ipse
1849 2734 1947 2763 prae-

164 2785 262 2811 mone
295 2783 408 2812 macris
446 2782 629 2825 (Sextiliae)
656 2783 743 2823 suit,
789 2785 885 2823 quasi
919 2794 1037 2824 aeqrae
1072 2783 1268 2823 scripserat,
1310 2783 1376 2814 sine
1410 2783 1478 2814 ulla
1503 2792 1626 2823 pompa
1649 2781 1790 2821 fumis.
1830 2780 1945 2810 Livius

159 2836 313 2877 praeberi
334 2838 435 2869 eibum
452 2839 677 2879 prohibuisset,
713 2841 906 2871 vaticinante
923 2840 1037 2871 Cutilia
1073 2842 1127 2879 24,
1161 2842 1216 2878 42,
1254 2842 1272 2871 5
1308 2840 1416 2879 Scipio
1441 2840 1587 2871 lecticula
1618 2839 1652 2869 in
1692 2838 1792 2869 aciem
1816 2836 1946 2867 irnham

163 2894 304 2935 muliere,
346 2896 400 2926 cui
438 2895 521 2927 velut
554 2897 685 2927 oraculo
722 2897 954 2936 adquiesoebat,
990 2898 1037 2928 ita
1070 2898 1135 2928 cic.
1154 2898 1193 2928 de
1212 2898 1278 2928 div.
1301 2901 1328 2935 1,
1357 2899 1413 2935 26,
1438 2899 1480 2929 55
1505 2897 1650 2928 lecticula
1675 2897 1708 2926 in
1732 2895 1856 2926 oua-iam
1879 2903 1946 2925 eane

165 2950 287 2981 demum
306 2952 443 2989 firmiter
474 2964 515 2984 ac
539 2953 712 2985 diutissime
736 2955 974 2995 imperaturum,
1007 2956 1038 2985 ei
1068 2954 1215 2985 delae-sm.

166 3012 323 3048 rupen-uua
342 3012 475 3048 parenti
501 3011 662 3041 extitisset.
691 3030 724 3034 —
755 3012 819 3041 nisi
852 3012 980 3052 luctwn]
1003 3013 1033 3050 2,
1116 3013 1175 3043 68.
1218 3021 1326 3041 rerum
1349 3007 1573 3052 humanarum]
1600 3010 1642 3040 cf.
1667 3008 1849 3048 Sophocles
1863 3007 1944 3038 Aias

167 3065 230 3095 64:
251 3063 361 3096 domuc
382 3076 459 3097 suae
479 3072 601 3098 tantum
617 3067 757 3099 adversa
778 3069 885 3099 sensi&
905 3086 946 3091 —-
962 3067 1033 3099 XV.
1072 3070 1134 3099 131
1158 3064 1208 3104 ὥς
1224 3063 1339 3109 ἡμέρα
1358 3064 1461 3099 κλίνει
1476 3076 1511 3099 τε
1535 3061 1676 3107 κσῖνάγει
1691 3061 1789 3098 πάλιν
1813 3058 1945 3097 ἅπαντα

167 3120 247 3152 Kal.
272 3119 361 3165 lam]
389 3125 430 3155 18
447 3123 477 3154 d.
495 3125 617 3156 mensis
643 3125 848 3157 Decembris.
881 3126 922 3155 cf.
948 3126 1034 3157 Suet.
1069 3119 1291 3165 τάνθρώπεια.
1328 3141 1370 3147 -
1402 3123 1545 3154 occultae
1570 3121 1689 3152 Gaium
1711 3119 1861 3160 insidiae]
1898 3119 1943 3150 cf.

167 3176 234 3207 vit.
254 3178 307 3209 15.
333 3179 399 3209 Dio
424 3180 558 3218 65,16.
577 3199 620 3205 -
645 3180 792 3224 legionis]
818 3193 843 3213 e.
860 3184 903 3214 55
927 3186 1034 3212 secuta
1070 3180 1245 3212 Suetonius
1270 3179 1423 3220 Caligula
1447 3190 1475 3211 c.
1495 3180 1538 3210 56
1552 3187 1622 3218 sqq.
1658 3196 1687 3201 —
1717 3178 1857 3218 ἰςηοιυπι
1871 3173 1942 3219 πω]

166 3242 183 3263 e
218 3232 363 3265 amnicis
387 3234 477 3275 legio.
513 3255 555 3259 —
592 3247 647 3269 seu
668 3237 851 3282 serebatur]
887 3249 946 3278 pro
982 3249 1053 3269 σω
1070 3237 1296 3268 suburbanum
1330 3236 1488 3267 Phnontis
1514 3235 1635 3266 liberti.
1671 3235 1759 3266 Suet
1785 3235 1862 3266 Ner.
1887 3235 1943 3265 48.

167 3289 375 3322 scribendum
400 3292 529 3324 videtur
553 3299 629 3334 pou
652 3305 740 3325 eum:
773 3296 814 3326 cf.
842 3297 954 3326 Livius
981 3297 1033 3333 27,
1072 3313 1113 3317 -—
1148 3295 1222 3325 Piso
1246 3299 1274 3325 ee
1302 3298 1331 3324 ί
1325 3293 1423 3337 alba]
1461 3292 1590 3323 Galbae
1626 3301 1736 3322 necem
1774 3294 1886 3322 narrat
1912 3292 1942 3328 1,

169 3347 222 3383 37,
243 3348 279 3376 11
310 3347 388 3378 ordo
404 3348 482 3380 talis
496 3349 587 3387 ficit:
604 3369 646 3374 —
671 3351 763 3383 boves
781 3352 931 3383 *albae
951 3346 1053 3383 ἅπίαε
1070 3354 1124 3389 41,
1148 3351 1277 3383 Pisonis
1306 3354 1334 3389 1,
1361 3352 1414 3381 43.
1442 3367 1482 3372 -
1524 3350 1556 3379 in
1583 3359 1640 3379 sua
1665 3344 1821 3391 contione]
1846 3356 1943 3387 quam

261 3404 393 3437 Tacitus
416 3406 475 3437 111.
1685 3410 1736 3444 29
