2176 3672
665 304 836 348 LIBER
865 304 942 347 111.
1002 303 1105 358 Cap.
1133 304 1175 347 3.
1206 303 1234 346 4
1275 302 1315 347 5.
1349 303 1388 346 6.
1829 302 1913 344 395

141 434 232 466 mes
262 420 504 476 provinciae
533 420 729 463 barbaris
759 419 1002 463 nationibus
1031 420 1353 473 exponerentur,
1385 417 1597 472 principes
1619 417 1910 460 Sarmatarum

142 501 361 556 Iazugum,
390 513 524 556 penes
554 513 662 555 quos
690 500 879 544 civitatis
909 499 1109 554 regimen,
1140 500 1182 542 in
1214 498 1505 541 commilitium
1538 498 1703 541 adsciti.
1747 497 1910 551 plebem

142 594 308 637 quoque
322 568 387 626 ’et'
409 582 492 625 vim
515 582 716 635 equitum,
746 594 831 635 qua
850 580 942 623 sola
969 580 1124 633 valent,
1154 579 1407 622 offerebant:
1438 579 1659 622 remissum
1681 579 1727 621 id
1747 591 1912 631 munus,

141 675 196 706 ne
223 662 336 706 inter
365 662 602 706 discordias
632 666 805 705 externa
836 661 1098 714 molirentur,
1141 665 1216 702 aut
1245 660 1403 702 maiore
1434 672 1483 703 ex
1514 660 1679 702 diverso
1719 659 1912 702 mercede

140 742 208 786 ius
236 741 384 797 fasque
415 747 627 787 exuerent.
674 742 903 785 trahuntur
932 742 974 784 in
1005 746 1152 795 partes
1174 741 1275 784 Sido
1306 744 1435 794 atque
1455 739 1633 783 Italicus
1664 752 1785 794 reges
1807 738 1910 782 Sue-
1947 758 1967 786 5

138 821 302 875 borum,
337 823 433 878 quis
462 826 586 867 vetus
615 822 863 877 obsequium
905 834 1007 876 erga
1036 822 1259 875 Romanos,
1300 824 1343 864 et
1382 833 1485 874 gens
1524 819 1624 863 fidei
1666 819 1911 863 commilitio

138 902 382 956 patientior.
423 904 567 957 posita
597 904 639 946 in
671 903 785 946 latus
808 902 967 946 auxilia
992 901 1149 945 infesta
1169 902 1335 955 Raetia,
1366 900 1433 944 cui
1454 901 1629 944 Porcius
1652 900 1910 955 Septiminus

138 988 390 1037 procurator
419 988 525 1037 erat,
556 985 826 1038 incorruptae
855 996 958 1038 erga
987 982 1206 1026 Vitellium
1235 981 1347 1025 fidei.
1406 981 1541 1036 igitur
1571 981 1772 1024 Sextilius
1793 981 1910 1024 Felix

138 1075 233 1107 cum
262 1064 332 1107 ala
360 1064 551 1107 Auriana
581 1070 624 1107 et
666 1068 761 1107 octo
803 1063 1046 1107 cohortibus
1090 1075 1139 1107 ac
1168 1062 1415 1106 Noricorum
1447 1063 1667 1105 iuventute
1702 1063 1758 1104 ad
1787 1074 1909 1104 occu-

137 1145 322 1199 pandam
352 1145 488 1199 ripam
521 1145 628 1188 Aeni
658 1144 853 1196 fluminis,
884 1145 996 1198 quod
1025 1145 1181 1187 Raetos
1203 1143 1460 1197 Noricosque
1490 1141 1709 1196 interfluit,
1741 1142 1908 1186 missus.
1926 1158 1967 1188 ιο

136 1237 215 1269 nec
243 1225 312 1269 his
341 1231 418 1268 aut
446 1225 534 1268 illis
563 1224 771 1279 proelium
792 1225 1104 1278 temptantibus
1124 1223 1295 1267 fortuna
1326 1224 1512 1277 partium
1544 1223 1646 1266 alibi
1677 1227 1906 1266 transacta.

278 1305 345 1360 (6)
376 1305 560 1348 Antonio
583 1305 825 1348 vexillarios
846 1318 869 1348 e
890 1304 1135 1348 cohortibus
1167 1309 1211 1348 et
1230 1308 1397 1358 partem
1420 1304 1608 1358 equitum
1631 1305 1686 1346 ad
1707 1304 1908 1347 invaden-

135 1386 235 1428 dam
263 1385 436 1428 Italiam
465 1385 650 1439 rapienti
690 1397 828 1428 comes
867 1384 949 1428 fuit
987 1385 1140 1428 Arrius
1171 1385 1323 1439 Varus,
1365 1389 1564 1449 strenuus
1603 1384 1738 1437 bello;
1781 1398 1906 1439 quam

134 1464 313 1520 gloriam
343 1470 386 1509 et
416 1466 502 1509 dux
533 1465 717 1509 Corbulo
748 1472 791 1509 et
821 1478 1050 1520 prosperae
1079 1466 1122 1508 in
1154 1465 1354 1508 Armenia
1384 1478 1453 1508 res
1483 1466 1751 1509 addiderant.
1796 1466 1907 1509 idem

273 1596 287 1624 1
316 1593 473 1633 principis
883 1602 986 1633 penes
1101 1595 1120 1624 2
1146 1590 1275 1635 plele:
1310 1592 1430 1632 pubem
1463 1593 1580 1624 Meiser
1695 1595 1714 1625 5
1740 1571 1850 1624 trauni
1873 1595 1908 1632 (ln

132 1649 288 1679 imponor.
315 1638 380 1680 2⁷11)
462 1643 555 1678 parte
635 1641 776 1678 sueporfi
800 1638 857 1669 sed
877 1648 899 1678 p
932 1639 967 1669 in
1003 1638 1024 1669 b
1048 1643 1121 1669 mut.
1153 1642 1202 1669 lm
1295 1641 1313 1670 6
1339 1639 1530 1670 commilitio
1568 1639 1702 1670 Meiser:
1737 1640 1910 1671 c6missio1-

133 1685 280 1722 (comissi
303 1685 335 1723 b)
360 1694 456 1724 quam
481 1686 643 1716 iussorum
660 1684 800 1724 Scheffer
851 1685 869 1714 7
883 1685 1036 1724 opposita
1050 1685 1226 1715 Bhenanus.
1251 1685 1408 1716 Noricum
1418 1686 1450 1715 in
1465 1687 1553 1716 latus
1575 1685 1698 1716 auxilio
1713 1685 1909 1725 Nipperdey.

135 1731 155 1761 8
178 1732 370 1770 Incorrupte
441 1729 518 1773 9110
543 1731 750 1770 occupandas
774 1730 831 1762 sed
852 1740 937 1761 corr.
966 1733 1023 1760 lm.
1099 1731 1139 1761 10
1163 1731 1247 1761 Aeni
1262 1730 1451 1762 Rhenanus:
1476 1732 1569 1763 rheni
1640 1732 1742 1762 missii
1814 1735 1852 1764 11
1880 1733 1908 1763 is

138 1778 178 1807 14
203 1775 250 1820 et]
275 1777 304 1808 ei
329 1776 459 1816 Lipsius
529 1786 686 1816 prospere
754 1777 926 1808 addiderat
950 1786 1105 1816 superscr.
1130 1787 1151 1807 n
1180 1779 1238 1807 lm.

565 1594 685 1632 lazugfi
717 1591 792 1636 (sic)

133 1901 277 1933 Moesiae
300 1902 454 1941 praesidi.
482 1903 512 1940 1,
531 1903 584 1933 ⁷9.
612 1905 643 1939 2,
670 1903 724 1939 85,
739 1903 791 1933 96.
807 1920 847 1924 —-
869 1903 1001 1932 Sarma-

132 1963 239 1990 tarum
262 1955 428 2001 Iazuyum]
455 1958 510 1997 qui
543 1958 739 1990 habitabant
772 1959 856 1990 inter
888 1960 1002 1990 Danu-

134 2016 224 2046 vium
250 2022 282 2046 et
305 2016 448 2046 Tisiam:
474 2015 514 2045 cf.
541 2016 712 2046 Mommsen
738 2016 910 2048 R6misehe
937 2015 999 2047 Ge·

133 2072 278 2104 schichte
306 2073 332 2101 V
356 2082 386 2111 p.
414 2073 498 2110 1973
534 2073 665 2111 Kiepert
695 2074 769 2104 Alte
794 2073 1001 2113 Geographie

132 2130 153 2170 ἓ
178 2130 253 2161 306.
279 2147 323 2152 -
346 2129 380 2160 in
404 2130 618 2160 commilitium
643 2131 772 2171 adsciti]
797 2132 875 2161 item
913 2132 999 2161 Ann.

135 2189 165 2225 1,
198 2186 242 2218 60
278 2185 408 2222 Chauci,
441 2198 510 2218 cum
544 2188 671 2219 auxilia
697 2187 935 2228 pollicerentur,
967 2188 1001 2218 in

132 2243 345 2275 oommaitium
377 2244 497 2275 adsciti
528 2250 611 2277 sum.
637 2263 680 2268 —-
710 2245 832 2285 plebem
868 2245 1018 2285 quoque]*

131 2300 261 2340 plebem
283 2301 487 2341 principibus
512 2303 633 2342 opponi
658 2303 789 2334 Ernesti
813 2306 916 2342 putat,
942 2301 1000 2332 sed

124 2357 241 2398 pubem
264 2358 473 2390 scribendum
511 2360 651 2398 videtur,
686 2369 762 2390 nam
789 2359 901 2399 pubes,
935 2368 999 2389 non

124 2414 216 2454 pleb·
238 2415 280 2446 ad
305 2415 493 2446 bellandum
517 2416 701 2456 requiritur.
742 2418 783 2447 cf.
809 2416 1000 2447 Noricorum

128 2473 284 2503 &iventute
308 2475 339 2510 2,
364 2474 407 2503 4¹1
432 2478 555 2504 tantum
580 2474 742 2506 Romanae
760 2474 865 2514 pubis.
892 2492 934 2497 —
959 2485 997 2505 ne

127 2530 211 2561 inter
241 2530 425 2561 discordias
457 2535 588 2561 externa
620 2531 813 2571 molirentur]
843 2542 883 2562 ne
915 2532 998 2562 forte

130 2586 214 2618 inter
247 2587 468 2618 Romanorum
512 2588 692 2619 discordias
726 2589 787 2628 ipsi
830 2594 998 2619 externam

129 2644 273 2683 aliquam
308 2645 501 2676 seditionem
537 2646 733 2676 suscitarent
767 2650 824 2676 aut
860 2646 893 2676 in
927 2646 997 2684 ipso

130 2700 216 2732 bello
240 2702 282 2732 ad
315 2702 482 2732 Vitellium
519 2702 710 2733 deficerent:
746 2703 831 2742 quod
866 2703 1016 2733 evenire'

127 2767 192 2789 non
217 2763 353 2798 poterat,
379 2768 452 2790 cum
477 2758 570 2798 plebs
587 2759 657 2790 sine
680 2759 884 2798 principibus
909 2760 996 2790 domi

127 2822 310 2847 remaneret
332 2826 370 2847 ac
394 2816 558 2856 principes
582 2816 614 2846 in
642 2817 740 2847 Italia
765 2816 835 2848 sine
860 2817 1015 2860 popula-2

126 2873 210 2903 rium
222 2882 354 2904 suorum
373 2883 470 2904 manu
494 2874 683 2904 militarent.
709 2874 878 2904 PiannA.
903 2874 944 2904 cf.
963 2875 996 2912 4,
1013 2865 1015 2903 l

127 2931 169 2961 32
193 2930 310 2961 missus
334 2941 403 2961 cutm
426 2930 588 2961 mandatis
604 2932 774 2962 Montanae
798 2931 846 2961 ad
857 2930 1014 2970 &oileum

124 2990 160 3016 ut
187 2985 353 3018 absisteret
382 2986 461 3018 bello
496 2997 570 3019 neve
605 2993 735 3019 externa
768 2989 868 3019 armis
895 2988 1016 3028 falst'32

127 3042 253 3076 velaret.
271 3061 312 3066 —
332 3054 371 3074 ex
395 3045 531 3086 divano]
558 3056 578 3077 a
596 3046 720 3077 Vitellii
744 3045 903 3085 partibus.
943 3047 995 3077 Sic
1012 3072 1014 3074 ,

127 3100 160 3138 2,
185 3100 238 3132 75.
265 3118 302 3123 -
331 3101 421 3142 Sido]
444 3103 484 3132 cs.
510 3104 594 3133 Anu.
622 3103 676 3140 12,
713 3105 766 3135 29.
786 3120 828 3125 —
846 3100 1013 3146 Italicus]

127 3156 265 3187 sortasse
301 3157 481 3196 Vangionis
517 3160 549 3188 in
584 3168 684 3199 regno
722 3152 908 3199 successor3
950 3160 990 3190 cf.
1010 3142 1013 3164 ³

129 3212 299 3244 Mommsen
326 3214 347 3244 l.
372 3215 393 3244 l.
420 3233 462 3238 —
486 3216 554 3253 quie
589 3221 674 3247 vetus
706 3216 885 3254 obsequium
917 3227 1011 3255 crya,

126 3268 297 3309 Romanos]
325 3271 409 3301 Ann.
427 3273 479 3309 12,
505 3273 547 3302 ³0
564 3283 692 3311 requam
711 3272 832 3312 Vanqio
856 3284 896 3304 ac
913 3274 991 3304 Sido

125 3325 207 3356 inter
230 3336 262 3356 se
279 3327 452 3366 portinere,
488 3331 615 3369 eareqia
646 3330 799 3361 adversus
831 3341 888 3362 noa
910 3331 1011 3370 fide„

125 3401 168 3406 —
204 3393 279 3422 qens
307 3384 388 3422 fidei
419 3386 602 3417 commilitio
630 3386 817 3428 patientior]
843 3398 923 3427 gens
958 3386 1012 3442 in]

123 3440 349 3471 commilitium
375 3441 498 3473 adscita
522 3448 553 3473 et
569 3444 734 3483 particeps
751 3446 837 3475 faeta
861 3448 892 3475 et
907 3446 990 3484 peri—
1009 3458 1011 3478 ς

1038 1904 1186 1934 culorum
1211 1907 1242 1933 et
1264 1903 1484 1942 praemorium
1518 1903 1674 1935 libentius
1708 1904 1805 1934 fidem
1839 1914 1905 1935 ser-

1038 1959 1138 1990 vabat
1162 1964 1193 1991 et
1216 1961 1377 2000 imperata
1402 1960 1542 1991 faciebat
1566 1971 1663 2000 quam
1688 1963 1758 1994 sine
1782 1963 1906 1995 honore

1036 2016 1227 2047 commilitii.
1253 2017 1292 2047 cf.
1319 2017 1451 2048 Curtius
1479 2020 1531 2057 10,
1557 2020 1589 2056 3,
1617 2021 1658 2051 10
1682 2019 1861 2059 obsequium
1878 2026 1907 2051 et

1029 2075 1190 2113 patientia
1223 2074 1358 2114 imperii.
1384 2094 1427 2098 —
1445 2073 1570 2118 posita]
1604 2076 1638 2106 in
1670 2077 1772 2108 latere
1805 2079 1903 2108 eollo-

1036 2134 1109 2161 cata
1133 2134 1210 2162 sunt
1233 2132 1364 2169 auxilia,
1400 2133 1487 2170 quod
1522 2133 1641 2163 infesta
1675 2137 1745 2165 erat
1778 2135 1903 2165 Raetia.

1036 2188 1121 2218 Ean.
1146 2189 1186 2218 cf.
1208 2187 1347 2219 similem
1373 2189 1566 2220 sententiam
1582 2200 1608 2221 c.
1629 2191 1671 2222 35
1688 2191 1783 2222 simul
1798 2196 1903 2223 tram-

1035 2244 1096 2275 ilus
1119 2245 1247 2284 Alpium
1267 2245 1444 2285 praesidiis
1468 2247 1625 2286 occupati,
1652 2254 1798 2288 suspecta
1826 2250 1903 2281 Ger-

1036 2303 1155 2333 mania.
1183 2321 1225 2326 -—
1249 2302 1306 2333 ala
1331 2301 1492 2346 Auriana]
1519 2304 1560 2334 ab
1596 2304 1706 2344 ignoto
1739 2309 1902 2346 praefecto

1037 2360 1139 2390 Aurio
1164 2361 1210 2391 sic
1235 2361 1332 2392 dicta.
1375 2362 1604 2393 Perseveravit
1637 2363 1677 2393 ad
1702 2363 1820 2394 labens
1844 2365 1901 2395 im-

1037 2417 1161 2456 perium
1195 2418 1349 2456 legasque
1380 2419 1412 2448 in
1438 2419 1563 2450 Notitia
1597 2420 1726 2459 imperii
1763 2421 1902 2462 (Notitia

1036 2474 1170 2506 orientis
1187 2485 1213 2506 c.
1230 2476 1288 2514 35)
1311 2475 1372 2506 sub
1389 2475 1603 2514 dispositione
1621 2477 1711 2507 ducis
1727 2478 1901 2509 Armeniae

1036 2530 1106 2562 Ala
1118 2532 1280 2569 Auriana,
1306 2533 1472 2563 Dascusae
1489 2534 1641 2566 Lll’sms.
1665 2535 1723 2565 ala
1746 2536 1766 2565 I
1779 2536 1902 2575 Hispa-

1034 2599 1145 2620 norum
1168 2588 1322 2620 Auriana
1346 2590 1533 2621 nominatur
1564 2591 1596 2620 in
1622 2591 1800 2630 diplomate
1822 2594 1899 2624 Tra-

1035 2646 1099 2676 iani
1116 2647 1203 2688 (CIL
1216 2648 1272 2686 111,
1292 2648 1322 2677 d.
1337 2647 1474 2689 XXIV.)
1488 2648 1565 2678 anni
1584 2649 1659 2686 108,
1672 2659 1735 2688 quo
1753 2653 1900 2690 tempore

1034 2704 1067 2734 in
1104 2704 1220 2735 Raetia
1253 2705 1427 2735 militabat.
1490 2706 1541 2735 De
1589 2707 1783 2745 cognomine
1827 2709 1899 2740 alae

1032 2756 1219 2792 ‘Aurianae’
1244 2762 1427 2801 disputavit
1452 2762 1597 2793 Henzen:
1632 2764 1748 2795 Jahrb.
1766 2766 1797 2796 d.
1815 2766 1854 2797 V.
1874 2777 1898 2797 r.

1034 2819 1100 2849 Alt.
1125 2819 1146 2849 i.
1172 2819 1268 2850 Rhld.
1297 2819 1470 2857 v01.X111‚
1497 2829 1528 2859 p.
1546 2821 1596 2850 75.
1624 2821 1666 2851 cf.
1683 2822 1752 2852 Jos.
1777 2821 1899 2855 Vaders

1033 2876 1072 2906 de
1091 2876 1152 2906 alis
1168 2876 1331 2907 exercitus
1344 2876 1481 2906 Romani
1502 2878 1589 2908 1883
1604 2887 1635 2915 p.
1653 2879 1705 2908 36.
1730 2881 1767 2911 F.
1787 2880 1897 2911 Olden-

1032 2932 1176 2972 ecblayer
1208 2933 1259 2963 die
1292 2934 1474 2963 romischen
1510 2934 1663 2973 Truppcn
1701 2934 1744 2965 im
1775 2937 1897 2968 rechts-

1032 2990 1240 3021 rheinischen
1266 2991 1393 3029 Bayern
1422 2991 1509 3021 1884
1534 3000 1564 3029 p.
1584 2992 1729 3023 40—42.
1745 3010 1787 3016 —
1802 2994 1895 3034 Aeni]

1032 3047 1128 3077 hodie
1152 3047 1221 3077 Iun.
1250 3064 1291 3070 —
1315 3046 1397 3076 alibi
1416 3044 1597 3089 transacta]
1631 3048 1800 3080 >Fortuna
1823 3061 1896 3090 par-

1031 3104 1111 3134 tium
1145 3108 1176 3134 et
1211 3103 1459 3134 Vitellianarum
1496 3108 1529 3134 et
1551 3104 1784 3137 Flavianarum
1816 3108 1895 3139 alibi

1030 3161 1141 3191 decisa
1177 3164 1227 3190 est
1253 3160 1373 3190 virtute
1399 3160 1612 3199 consiliisque
1635 3162 1770 3194 Antonii
1794 3164 1895 3195 Primi

1029 3221 1061 3248 et
1085 3217 1324 3256 expugnatione
1349 3217 1539 3255 Cremonae,
1575 3217 1651 3249 dum
1676 3229 1735 3250 nec
1759 3220 1895 3253 Porcius

1029 3274 1227 3313 Septiminus
1262 3283 1368 3313 neque
1402 3273 1556 3305 Sextilius
1590 3275 1682 3306 Felix
1716 3277 1894 3317 quidquam

1029 3336 1219 3362 conantur.«
1259 3331 1308 3361 De
1332 3331 1505 3369 negatione
1529 3341 1602 3362 cum
1627 3333 1800 3374 participio
1826 3338 1894 3366 tan-

1030 3392 1097 3419 tum
1123 3388 1288 3426 iungenda
1324 3388 1364 3418 cf.
1390 3388 1536 3419 Heraeus
1560 3389 1600 3419 ad
1629 3391 1657 3426 1,
1685 3391 1737 3426 ¹11,
1763 3393 1792 3423 8.

1074 3448 1103 3476 6.
1128 3443 1250 3476 Amas
1282 3443 1396 3488 Varus]
1432 3445 1470 3475 de
1502 3455 1566 3485 quo
1591 3447 1676 3478 Ann-
1703 3449 1756 3486 13,
1794 3450 1822 3479 9.
1852 3467 1890 3470 -
