2176 3672
673 287 846 330 LIBER
874 287 930 331 Π.
988 286 1090 341 Cap.
1121 287 1188 330 97.
1220 286 1287 330 98.
1317 286 1384 330 99.
1417 287 1511 330 100.
1892 285 1975 329 387

208 417 285 448 seu
322 401 545 459 perfidiam
583 403 805 446 meditanti
844 401 1073 456 infringere
1100 402 1312 445 exercitus
1341 402 1545 445 virtutem
1583 402 1696 444 inter
1725 403 1841 443 artes
1870 403 1975 444 erat.

209 484 426 529 credidere
462 482 656 538 plerique
683 483 822 527 Flavii
852 482 997 526 Sabini
1034 482 1222 525 consiliis
1264 493 1512 524 concussam
1542 480 1749 524 Caecinae
1778 483 1975 533 mentem,

207 564 400 609 ministro
437 575 678 606 sermonum
714 563 874 606 Rubrio
903 561 1051 606 Gallo:
1095 565 1192 604 rata
1228 562 1343 616 apud
1371 561 1681 615 Vespasianum
1718 559 1809 604 fore
1847 564 1977 614 pacta

205 644 485 688 transitionis,
531 643 656 687 simul
686 644 880 686 odiorum
908 642 1176 696 invidiaeque
1205 654 1308 696 erga
1326 641 1507 684 Fabium
1526 641 1750 684 Valentem
1780 641 1976 683 admone-

206 723 346 778 batur,
374 728 424 767 ut
452 724 578 778 inpar
606 724 722 778 apud
740 722 958 766 Vitellium
982 723 1164 777 gratiam
1187 723 1385 777 viresque
1413 722 1531 776 apud
1557 734 1713 764 novum
1743 721 1976 775 principem
2012 731 2032 760 5

206 809 391 859 pararet„

321 883 445 940 (100)
474 883 656 928 Caecina
675 895 699 926 e
718 882 939 936 complexu
958 882 1123 926 Vitellii
1150 881 1286 925 multo
1315 894 1411 925 cum
1439 881 1599 924 honore
1628 881 1846 935 digressus
1875 893 1975 934 par-

207 968 295 1008 tem
323 964 512 1018 equItum
542 963 600 1006 ad
627 962 915 1016 occupandam
946 962 1194 1006 Cremonam
1222 962 1455 1016 praemisit.
1495 974 1592 1004 mox
1616 959 1771 1003 vexilla
1798 960 1975 1014 primae,

209 1046 401 1099 quartae,
430 1043 606 1098 quintae
634 1043 849 1096 decumae,
878 1046 1024 1086 sextae
1041 1043 1243 1086 decumae
1262 1041 1490 1095 legionum,
1519 1041 1616 1084 dein
1637 1041 1787 1095 quinta
1806 1043 1849 1082 et
1870 1040 1974 1082 duo-

206 1123 483 1168 etvicensima
511 1127 705 1175 secutae3
747 1126 964 1177 postremo
1003 1124 1172 1176 agmine
1199 1122 1558 1165 unaetvicensima
1586 1121 1734 1174 Rapax
1764 1124 1808 1163 et
1835 1120 1976 1174 prima
1990 1130 2032 1159 10

206 1203 359 1247 Italica
386 1203 596 1247 incessere
616 1215 712 1246 cum
731 1202 965 1246 vexillariis
993 1203 1124 1245 trium
1142 1202 1486 1245 Britannicarum
1514 1201 1726 1255 legionum
1756 1204 1800 1243 et
1827 1199 1974 1243 electis

207 1282 389 1326 auxiliis.
434 1282 625 1337 profecto
654 1282 837 1326 Caecina
865 1283 1039 1336 scripsit
1068 1282 1227 1325 Fabius
1255 1281 1413 1324 Valens
1452 1281 1675 1334 exercitui,
1718 1293 1844 1334 quem
1882 1281 1975 1334 ipse

208 1363 480 1416 ductaverat,
509 1367 560 1406 ut
587 1363 632 1405 in
661 1363 814 1406 itinere
843 1363 1134 1417 opperiretur:
1173 1362 1235 1405 sic
1264 1361 1346 1404 sibi
1375 1374 1470 1405 cum
1501 1360 1682 1404 Caecina
1710 1360 1974 1412 convenisse3

205 1442 280 1497 qui
306 1455 508 1497 praesens
538 1455 672 1497 eoque
700 1442 880 1486 validior
907 1446 1119 1485 mutatum
1154 1442 1200 1484 id
1229 1441 1451 1485 consilium
1488 1440 1633 1494 finxit,
1672 1444 1724 1483 ut
1761 1440 1975 1495 ingruenti

203 1521 316 1565 bello
351 1526 446 1566 tota
480 1522 591 1566 mole
630 1526 933 1566 occurreretur.
978 1523 1041 1565 ita
1070 1521 1312 1565 adcelerare
1339 1521 1527 1575 legiones
1558 1520 1828 1574 Cremonam,
1870 1532 1972 1574 pars
1988 1530 2030 1560 15

202 1602 432 1646 Hostiliam
461 1607 606 1657 petere
634 1603 797 1646 iussae:
827 1603 920 1657 ipse
948 1603 1193 1646 Ravennam
1221 1603 1406 1646 devertit
1434 1605 1657 1656 praetexto
1687 1600 1865 1644 classem
1896 1600 1971 1642 ad-

203 1682 417 1738 loquendi.
474 1696 571 1726 mox
614 1682 767 1726 Patavi
809 1686 1019 1727 secretum
1063 1683 1376 1737 componendae
1423 1681 1678 1736 proditionis
1720 1681 1971 1735 quaesitum.

204 1775 386 1819 namque
423 1763 614 1807 Lucilius
652 1764 813 1808 Bassus
853 1768 954 1818 post
994 1762 1309 1818 praefecturam
1345 1762 1442 1806 alae
1479 1761 1716 1805 Ravennati
1758 1760 1884 1803 simul
1924 1772 1972 1802 ac

298 1916 316 1945 1
340 1913 511 1945 meditanti
534 1913 724 1944 Βήοηαιωει
747 1913 915 1945 meditatio
938 1913 1108 1952 (meditato
1124 1913 1193 1943 Iac.
1212 1911 1404 1951 Gronovius)
1496 1912 1658 1943 exercitis
1681 1911 1803 1954 (notam
1826 1910 1887 1941 del.
1907 1908 1971 1950 lm)

206 1960 228 1991 2
250 1959 357 1991 sauini
447 1961 467 1991 7
491 1958 632 1990 Caecina
654 1968 673 1990 e
697 1959 817 1990 Orelli:
840 1958 960 1999 Cecine
1052 1956 1107 2002 819
1132 1959 1277 1998 primae,
1301 1962 1457 1997 quartae,
1483 1958 1762 1996 quintaedecimae
1786 1960 1819 1988 et
1842 1960 1968 1987 sextae-

204 2005 349 2037 decimae
371 2005 515 2036 Fau-keu
538 2005 586 2048 (et
607 2005 732 2035 meaa
746 2003 961 2046 Nipperdey):
986 2005 1025 2035 In
1040 2008 1192 2044 quattuor
1212 2003 1218 2046 Ι
1238 2004 1320 2035 decii
1337 2004 1416 2034 XUI
1440 2002 1511 2045 (sic,
1533 2013 1598 2034 non
1613 2001 1711 2045 XIII)
1805 2002 1882 2044 9110
1906 2002 1970 2032 duo

205 2054 239 2082 et
253 2051 431 2083 uincesima
523 2052 566 2083 10
589 2060 655 2082 una
671 2055 704 2082 et
718 2052 898 2082 uicensima
912 2051 1163 2090 (unetvicesima
1178 2050 1376 2090 Nipperdey)
1470 2051 1509 2079 11
1534 2049 1686 2080 nexillari
1702 2049 1800 2079 Istrisi
1890 2047 1971 2078 brit-

204 2098 409 2129 tanniearmn
503 2098 544 2128 12
568 2096 636 2137 qu?
729 2099 771 2128 14
794 2101 954 2128 mutatum
977 2096 1015 2126 b.-
1037 2096 1214 2138 remutaltti
1238 2097 1268 2138 (r
1291 2095 1351 2126 del.
1376 2093 1452 2136 lm),
1476 2095 1682 2126 immutatum
1704 2094 1769 2124 alii
1857 2093 1970 2124 fincxit

206 2145 251 2174 15
273 2152 426 2175 cremona
520 2144 560 2174 17
585 2143 677 2183 patui
767 2143 944 2183 proditioni
967 2141 1135 2173 Rhenum
1229 2143 1271 2173 18
1304 2150 1412 2180 nanq3
1504 2142 1627 2172 Bassus
1650 2139 1839 2171 Rhenum.-
1862 2140 1970 2179 bless3

1105 2279 1190 2316 dam,
1215 2277 1287 2308 XV.
1303 2277 1451 2317 Primig.,
1474 2277 1568 2308 XVI.
1595 2278 1624 2314 1,
1650 2279 1704 2308 61.
1729 2277 1783 2308 64.
1805 2293 1851 2299 -—
1873 2276 1969 2314 leqio-

207 2338 335 2377 Draqer
357 2336 450 2377 Synt.
476 2337 496 2377 ξ
523 2339 585 2369 181
597 2347 624 2368 c.
650 2355 694 2360 —-
726 2337 836 2367 blavii
855 2333 981 2379 Sabini]
1006 2337 1070 2366 fra-
1104 2345 1158 2366 nes
1183 2335 1378 2373 Crevmmam,
1397 2345 1481 2375 pars
1504 2331 1691 2377 Hostiliam]
1716 2343 1789 2364 cum
1812 2342 1853 2364 ex
1876 2334 1908 2370 3,
1928 2335 1971 2364 14

205 2394 267 2425 tris
290 2394 503 2435 Vespasiani:
531 2397 561 2433 1,
586 2396 642 2426 46.
665 2396 698 2433 2,
722 2396 777 2426 55.
801 2394 854 2424 63.
877 2411 921 2417 -
951 2392 1069 2423 Rubrio
1104 2396 1216 2432 pateat
1249 2393 1330 2423 duas
1363 2394 1490 2422 tantum
1525 2391 1671 2430 legiones
1704 2391 1734 2432 (Ι
1757 2390 1904 2420 Italicam
1939 2382 1988 2420 et*

206 2450 315 2491 Gallo]
340 2451 382 2482 cf.
401 2452 432 2489 2,
449 2453 503 2482 51.
526 2469 571 2474 -
594 2451 740 2482 odiorum
763 2469 806 2474 —
830 2461 907 2490 crya
922 2449 1068 2490 Fulvi-m]
1105 2449 1188 2480 XXI
1210 2448 1389 2490 Rapacem)
1423 2447 1618 2479 Cremonam
1653 2447 1850 2486 praemissas
1886 2456 1972 2485 esse,

205 2509 240 2546 4,
255 2509 302 2540 44
316 2518 395 2547 erqa
411 2508 595 2539 Mucianum
611 2509 744 2540 ι’πυίἆία.
770 2508 942 2539 Cornelius
958 2507 1070 2546 Nepos
1105 2509 1230 2538 ceteras
1261 2506 1436 2536 Hostiliam
1468 2505 1645 2544 petivisse,
1681 2507 1833 2543 expectes
1863 2503 1971 2542 potius

205 2564 315 2596 Halm.
342 2567 380 2604 1,
406 2566 427 2596 3
459 2565 566 2596 odium
592 2570 763 2606 paternum
795 2575 873 2604 crya
900 2564 1069 2595 Romanos.
1084 2576 1087 2587 ε
1104 2563 1239 2602 leqiones
1263 2563 1445 2599 Hostiliam,
1471 2571 1556 2601 pars
1579 2560 1763 2591 Cremonam
1780 2565 1889 2600 petere
1910 2560 1971 2590 ius-

206 2622 335 2662 Drdqer
356 2622 449 2663 Synt.
472 2621 493 2662 ἓ
517 2623 571 2654 98.
1084 2610 1170 2652 ἶσαι.
1193 2620 1234 2651 οἱ.
1260 2622 1291 2658 3,
1316 2620 1361 2651 40
1383 2618 1557 2650 Hostiliam
1580 2617 1799 2648 Cremonamve
1815 2622 1971 2657 peryeret,

254 2680 330 2711 100.
378 2678 573 2720 Οναιιοηαηι]
606 2679 648 2710 cf.
674 2680 706 2718 3,
731 2680 784 2710 14.
809 2696 853 2701 —
885 2677 1003 2708 vexilla
1025 2693 1070 2700 —-
1085 2649 1088 2680 J
1105 2677 1163 2709 ubi
1177 2677 1321 2709 Hostilia
1343 2676 1453 2716 priore
1475 2675 1548 2706 loco
1571 2678 1778 2706 memoratur.
1825 2674 1970 2705 Hostilia

204 2734 372 2780 legionum]
395 2737 436 2768 cf.
461 2747 487 2768 c.
506 2737 562 2770 89.
586 2737 617 2775 3,
642 2737 697 2768 22.
722 2753 767 2759 -
789 2736 884 2766 trium
908 2733 1071 2765 Britanni-
1105 2734 1201 2766 hodie
1223 2734 1367 2773 Om'qlta
1392 2751 1436 2756 —
1453 2729 1635 2775 praetendo]
1661 2735 1698 2762 ut
1721 2733 1752 2771 1,
1778 2733 1831 2763 77.
1858 2734 1889 2769 3,
1914 2732 1968 2763 80.

206 2804 316 2825 emam
337 2793 503 2834 kqiomam]
538 2794 571 2832 3,
596 2794 638 2825 22
663 2804 733 2824 enm
754 2793 878 2824 vexillis
900 2801 1001 2822 nonae
1025 2801 1070 2821 se·
1106 2809 1150 2815 -
1166 2790 1295 2831 Patavi]
1312 2791 1492 2822 Ravennae
1508 2789 1595 2820 enim
1611 2797 1720 2820 coram
1735 2791 1851 2819 cuncta
1865 2789 1970 2819 classe

207 2850 388 2891 caudaeque
421 2855 451 2882 a
472 2850 661 2882 vicensimae
681 2850 944 2881 Britannicarum
976 2849 1071 2888 leqio·

207 2918 292 2939 m.
316 2926 360 2932 -
393 2908 515 2940 Fabius
547 2905 672 2951 Valens]
704 2916 800 2946 quem
824 2907 998 2938 etiamtunc
1022 2906 1068 2936 in-

205 2279 292 2311 Ann.
324 2279 435 2320 1‚68
472 2284 591 2319 quana>
623 2280 774 2320 maa,
812 2279 1070 2317 tammam,

1105 2847 1246 2887 proditio
1277 2847 1352 2878 iniri
1375 2856 1413 2878 ac
1436 2845 1625 2886 praeparari
1657 2845 1823 2884 nequibat.
1847 2862 1891 2868 —
1924 2854 1970 2875 se-

1105 2908 1221 2936 cretum
1238 2903 1471 2944 componendae
1481 2899 1689 2945 proditionis]
1712 2902 1755 2933 cf.
1771 2902 1856 2932 Ann.
1877 2903 1908 2940 6,
1925 2903 1970 2934 30

207 2965 343 2997 firmitas
365 2966 490 2997 Romae
512 2965 685 2997 retinebat.
720 2975 748 2996 c.
765 2966 819 2996 99.
844 2981 888 2987 -
923 2964 1069 2994 ductace-
1099 2961 1268 3001 pecmn'am
1300 2978 1344 2984 —
1378 2959 1567 2991 metendae
1606 2958 1775 2990 delationis
1813 2962 1969 2999 ceperam.

206 3020 273 3066 rat]
299 3023 442 3063 „diutius
466 3023 642 3055 duxerat“:
667 3021 825 3060 verbum,
849 3021 935 3060 quod
960 3024 1070 3051 ament
1105 3018 1198 3050 Caes.
1222 3017 1254 3049 b.
1281 3016 1321 3048 G.
1347 3018 1380 3055 4,
1407 3019 1460 3057 17,
1489 3017 1530 3047 10
1556 3026 1653 3047 naves
1676 3015 1835 3047 deiciendi
1855 3016 1968 3056 operis.

208 3079 369 3119 imprimis
391 3081 528 3112 Plautus
560 3084 593 3111 et
616 3079 789 3112 Sallustius
821 3077 907 3122 (Cat.
933 3080 987 3109 11.
1016 3078 1067 3108 17.
1103 3075 1179 3106 mv.
1205 3077 1236 3112 9,
1261 3075 1315 3112 45,
1343 3076 1385 3106 18
1410 3078 1553 3106 oratoru
1570 3074 1666 3114 pacis
1683 3073 1850 3114 petendae.
1890 3074 1969 3113 Nip-

209 3138 262 3168 19.
296 3137 368 3177 Ing.
393 3138 447 3170 38.
475 3135 552 3181 70);
585 3137 626 3168 de
650 3146 714 3176 quo
738 3135 842 3167 verbo
876 3138 908 3166 et
930 3144 987 3165 vv.
1004 3144 1068 3173 pa-
1097 3131 1398 3172 perdey-Andnaen
1421 3131 1463 3162 ad
1486 3132 1573 3162 Ann.
1598 3132 1629 3169 2,
1654 3133 1707 3163 59.
1734 3149 1776 3154 —-
1810 3127 1966 3172 Medea]

206 3197 295 3223 trare
310 3193 433 3233 benum,
456 3203 539 3233 quae
562 3194 596 3225 in
613 3194 810 3225 obscoenum
834 3201 964 3224 sensum
989 3200 1067 3221 non·
1103 3189 1219 3220 Exstat
1243 3188 1312 3219 eius
1336 3188 1492 3219 memoria
1514 3188 1548 3218 in
1573 3188 1767 3228 Vespasiani
1791 3188 1968 3227 diplomate

207 3249 290 3280 nulli
329 3250 584 3290 detorquebant,
631 3250 852 3282 memorabilis
891 3253 940 3280 est
979 3249 1068 3279 locus
1103 3247 1235 3277 militari
1250 3270 1258 3284 ‚
1297 3245 1383 3284 quod
1406 3245 1448 3276 ad
1473 3245 1505 3275 h.
1524 3245 1545 3275 1.
1570 3244 1701 3276 exhibet
1724 3245 1877 3285 Lipsius,
1899 3249 1967 3276 tum

209 3305 342 3344 Quintil.
367 3308 408 3346 8,
434 3309 474 3347 3,
498 3310 552 3340 u.
602 3307 754 3340 Ceterum
776 3307 923 3346 intellige
947 3305 1068 3337 exerci-
1104 3302 1197 3334 Grut.
1223 3304 1289 3335 573
1304 3326 1312 3342 ,
1337 3305 1377 3333 1:
1417 3319 1460 3325 —
1492 3301 1761 3333 VETERANIS.
1789 3302 1877 3339 QVI.
1903 3302 1968 3332 MI-

207 3366 276 3394 tum
300 3362 495 3396 Germaniae
518 3365 700 3405 inferioris,
738 3365 816 3403 Leg.
843 3365 878 3403 1,
903 3364 942 3394 V.
968 3363 1067 3393 Alau-
1103 3359 1210 3391 LITA
1221 3358 1416 3390 VERVNT.
1467 3358 1518 3388 IN
1565 3358 1741 3389 CLASSE.
1793 3358 1852 3388 BA
1863 3357 1967 3388 VEN-
