2176 3672
184 203 271 250 560
618 203 890 250 CORNELII
918 203 1110 251 TACI'I'I
1138 204 1535 252 HISTORIABUM

185 320 281 374 quis
321 318 402 362 fuit
434 318 630 372 Alpinius
657 319 900 373 Montanus,
930 332 1055 375 quem
1085 333 1113 364 a
1140 320 1284 364 Primo
1315 321 1504 365 Antonio
1531 321 1710 366 missum
1738 322 1782 366 in
1801 321 1967 368 Gallias

186 400 384 454 superius
405 398 747 442 memoravimus.
779 399 1064 444 comitabatur
1083 413 1178 444 eum
1199 399 1336 444 frater
1355 401 1407 444 D.
1433 400 1655 455 Alpinius;
1684 401 1812 446 simul
1832 403 1966 448 ceteri

185 479 457 523 miseratione
493 491 543 522 ac
573 479 700 522 donis
730 480 889 523 auxilia
918 480 1142 525 concibant
1170 482 1282 525 inter
1311 485 1461 535 gentes
1490 480 1777 536 periculorum
1806 482 1966 527 avidae.

185 559 276 611 (20)
307 563 558 613 tantumque
587 558 687 603 belli
718 559 945 614 superfuit,
975 565 1023 605 ut
1053 561 1273 615 praesidia
1298 561 1535 605 cohortium
1555 560 1720 604 alarum
1748 562 1965 618 legionum

152 650 172 679 a
184 651 270 681 uno
290 639 360 682 die
381 637 526 682 Civilis
546 639 860 693 quadripertito
880 641 1101 694 invaserit,
1134 641 1340 685 decimam
1368 641 1579 696 legionem
1599 641 1798 695 Arenaci,
1816 653 1968 689 secun·

184 719 282 760 dam
314 718 573 762 Batavoduri
603 724 648 763 et
667 718 854 764 Grinnes
874 720 1138 776 Vadamque,
1168 722 1402 766 cohortium
1435 722 1684 778 alarumque
1713 725 1874 777 castra,
1902 722 1968 767 ita

185 798 334 840 divisis
364 798 511 852 copiis,
541 803 591 841 ut
619 800 712 853 ipse
742 803 787 842 et
806 799 961 854 Verax,
992 813 1138 845 sorore
1159 802 1254 845 eius
1275 802 1464 856 genitus,
1494 802 1794 858 Classicusque
1813 813 1865 846 ac
1881 801 1970 846 Tu-

186 883 255 921 tor
295 890 416 920 suam
459 878 639 932 quisque
678 890 851 921 manum
882 877 1117 933 traherent,
1159 891 1239 923 nec
1277 880 1420 923 omnia
1456 881 1659 934 patrandi
1687 878 1857 935 fiducia,
1890 881 1971 927 sed

187 957 322 1000 multa
351 959 468 1001 ausis
496 958 641 1013 aliqua
670 958 712 1001 in
741 963 865 1013 parte
885 958 1101 1003 fortunam
1123 958 1293 1003 adfore:
1325 960 1452 1003 simul
1472 959 1680 1005 Cerialem
1701 974 1840 1018 neque
1859 963 1970 1007 satis

133 1051 173 1081 ιο
187 1044 359 1082 cautum
390 1043 435 1082 et
463 1038 658 1093 pluribus
687 1040 849 1083 nuntiis
890 1039 973 1083 huc
1015 1039 1117 1084 illuc
1146 1045 1389 1084 cursantem
1427 1052 1556 1095 posse
1590 1041 1733 1084 medio
1759 1042 1970 1098 intercipi.

188 1118 342 1172 quibus
371 1119 635 1163 obvenerant
665 1123 808 1164 castra
834 1121 1179 1172 decumanorum,
1209 1118 1570 1174 obpugnationem
1591 1119 1772 1175 legionis
1791 1121 1969 1165 arduam

188 1200 272 1242 rati
303 1212 523 1253 egressum
544 1200 724 1244 militem
756 1205 802 1244 et
831 1201 1061 1244 caedendis
1090 1200 1284 1244 materiis
1313 1204 1534 1254 operatum
1554 1200 1797 1255 turbavere,
1826 1200 1971 1245 occiso

187 1278 407 1333 praefecto
438 1285 676 1323 castrorum
699 1285 743 1324 et
766 1282 953 1335 quinque
973 1281 1230 1335 primoribus
1257 1281 1550 1324 centurionum
1571 1281 1804 1336 paucisqoe
1823 1279 1973 1325 militi-

188 1359 292 1403 bus:
326 1362 455 1404 ceteri
485 1374 532 1404 se
562 1361 836 1404 munimentis
855 1360 1095 1405 defendere.
1127 1364 1172 1404 et
1191 1360 1363 1404 interim
1384 1358 1695 1404 Germanorum
1717 1373 1869 1405 manus
1887 1361 1973 1405 Ba-

135 1450 175 1479 15
189 1441 384 1483 tavoduri
406 1441 719 1495 interrumpere
740 1441 984 1485 inchoatum
1001 1444 1173 1495 pontem
1189 1440 1459 1484 nitebantur:
1491 1439 1735 1494 ambiguum
1760 1440 1972 1495 proelium

189 1534 271 1563 nox
292 1521 472 1565 diremit.
496 1522 593 1576 plus
614 1522 872 1565 discriminis
893 1521 1009 1575 apud
1030 1519 1215 1565 Grinnes
1229 1520 1492 1575 Vadamque.
1516 1519 1609 1574 (21)
1630 1519 1797 1564 Vadam
1812 1519 1975 1572 civilis.

189 1599 372 1644 Grinnes
402 1601 617 1645 Classicus
657 1602 986 1656 obpugnabant:
1024 1614 1103 1646 nec
1132 1602 1227 1644 sisti
1256 1604 1458 1655 poterant
1486 1600 1710 1645 interfecto
1738 1599 1974 1645 fortissimo

188 1692 379 1735 quoque;
410 1682 452 1724 in
483 1682 578 1736 quis
608 1682 881 1735 Briganticus
911 1681 1154 1736 praefectus
1184 1680 1278 1724 alae
1309 1681 1538 1735 ceciderat,
1569 1693 1695 1736 quem
1723 1678 1856 1731 fidum
1885 1680 1973 1724 Ro-

190 1760 328 1803 manis
358 1765 403 1804 et
433 1759 556 1804 Civili
578 1761 787 1805 avunculo
809 1760 1022 1805 infensum
1043 1761 1239 1804 diximus.
1301 1760 1378 1803 sed
1398 1759 1471 1803 ubi
1491 1759 1671 1804 Cerialis
1691 1771 1786 1804 cum
1806 1758 1974 1804 delecta

133 1848 177 1878 20
190 1838 379 1892 equitum
419 1853 548 1883 manu
579 1840 788 1894 subvenit,
828 1853 953 1884 versa
995 1839 1168 1884 fortuna
1209 1839 1468 1894 praecipites
1498 1837 1703 1884 Germani
1730 1840 1774 1883 in
1804 1845 1973 1885 amnem

190 1924 388 1972 aguntur.
449 1920 596 1963 Civilis
626 1921 727 1963 dum
759 1920 971 1975 fugientes
1001 1924 1204 1973 retentat,
1233 1920 1405 1974 agnitus
1425 1919 1672 1975 petitusque
1696 1919 1795 1963 telis
1822 1918 1974 1964 relicto

191 2011 299 2053 equo
330 2001 588 2053 tranatavit;
619 2001 732 2044 idem
757 2001 912 2045 Veraci
942 2000 1164 2055 effugium;
1195 1999 1398 2043 Tutorem
1420 1999 1739 2055 Classicumque
1767 1996 1975 2054 adpulsae

328 2144 388 2189 4s5
414 2148 547 2186 legione
563 2149 672 2180 modle
766 2151 786 2180 5
804 2149 1044 2189 quadripertito
1062 2149 1210 2181 Ernem':
1226 2149 1464 2189 quadripertita
1556 2151 1576 2181 ⁰1
1593 2148 1692 2180 diuiai
1782 2149 1804 2180 8
1830 2147 1977 2179 Μοῖσα

195 2191 236 2221 10
261 2192 365 2231 pluria
461 2196 501 2224 14
528 2195 647 2225 ceteri·
671 2195 846 2226 eminentis
937 2200 970 2226 et
993 2195 1087 2226 dex:
1111 2205 1131 2226 a
1155 2196 1230 2236 (on.
1253 2193 1286 2238 b)
1380 2196 1422 2227 1⁶
1445 2195 1684 2234 interrumpere
1712 2193 1769 2226 n.
1795 2192 1976 2233 Kieefflau:

192 2236 369 2280 Inrupere!
393 2236 557 2278 (rumpere
574 2240 643 2273 Iac.
662 2241 857 2281 monem)
948 2240 1020 2281 filii
1114 2242 1155 2272 16
1174 2250 1239 2271 uox
1253 2238 1326 2284 (aio)
1420 2243 1459 2273 17
1486 2235 1629 2272 inis-eto
1724 2241 1765 2272 18
1793 2238 1974 2279 brigantibz

191 2283 241 2313 ale
357 2286 398 2315 19
434 2286 586 2316 duximus
702 2289 744 2319 22
780 2287 911 2328 mater-11
939 2288 974 2329 (a
998 2296 1092 2327 nuper
1119 2297 1174 2327 pr.
1199 2292 1213 2317 t
1236 2297 1299 2319 uer.
1325 2284 1403 2328 2¹⁸⁸.)
1517 2287 1634 2318 Veraci
1669 2284 1794 2317 Bina.-
1824 2284 1974 2325 germani

193 2329 344 2369 (Veracis
369 2330 436 2361 Iac.
463 2331 658 2371 θνοκονήω)

194 2466 339 2497 virorum
364 2467 406 2498 ab
430 2468 512 2508 Imp.
531 2469 667 2500 Claudio
692 2470 864 2507 deductae,
889 2470 977 2501 unde
1001 2470 1064 2510 pri-
1102 2470 1261 2501 orientem
1284 2479 1412 2510 versus,
1437 2470 1589 2501 Μωυσῆ
1602 2469 1648 2501 11.
1675 2479 1706 2509 p.
1725 2469 1793 2500 84⁸
1835 2466 1974 2509 Vena,

194 2533 282 2553 mum
307 2534 327 2554 a
353 2525 533 2564 Pomponio
558 2526 644 2557 Mela
669 2529 702 2564 8,
728 2528 747 2556 2
779 2527 826 2558 ita
848 2532 1063 2558 memoratur:
1102 2527 1211 2557 vicum
1252 2536 1270 2558 e
1308 2526 1443 2566 regione
1483 2526 1596 2566 oppidi
1636 2525 1706 2557 w
1743 2535 1814 2557 eaae
1853 2528 1976 2557 ettad.

193 2579 285 2610 who·
309 2582 565 2621 opulentiam
596 2584 630 2614 in
657 2583 800 2614 steven}
828 2583 976 2624 Aequam
1003 2588 1065 2614 cet.
1104 2584 1209 2615 Ukert
1232 2583 1411 2614 arbitratur
1435 2583 1535 2614 fuine
1556 2583 1638 2614 baec
1660 2586 1815 2622 quattuor
1838 2581 1912 2613 loca
1934 2590 1975 2613 ex

197 2654 238 2659 —
271 2636 525 2683 memorandam]
553 2643 584 2678 8,
611 2641 665 2672 86.
691 2643 725 2679 4,
749 2642 812 2681 ⁸¹3
844 2639 901 2671 ubl
926 2640 960 2670 in
986 2639 1066 2670 Ger·
1104 2640 1340 2679 quinquaginta
1361 2640 1431 2671 iuis
1464 2641 1621 2677 castellla,
1654 2648 1740 2679 qnae
1763 2639 1895 2671 Druna
1916 2646 1977 2678 per

196 2695 337 2724 maniam
373 2696 493 2726 missua
528 2697 655 2734 dicitur,
693 2707 758 2728 non
791 2697 825 2727 iu
851 2695 990 2728 Galliae.
1025 2714 1067 2719 —
1105 2697 1211 2727 Rheni
1244 2697 1349 2736 ripam
1383 2696 1512 2728 direxit.
1550 2696 1640 2729 rior.
1665 2698 1701 2736 4,
1727 2698 1781 2736 18,
1805 2695 1861 2728 80.
1913 2703 1977 2726 eea

196 2750 373 2791 conabant]
423 2752 463 2783 de
511 2753 614 2783 forma
656 2757 825 2784 eontracta
871 2754 912 2784 cf.
956 2753 1068 2784 Sis-kar
1114 2752 1200 2784 Venta
1234 2753 1356 2784 Vetera
1389 2752 1508 2785 Caetra
1540 2763 1570 2793 p.
1606 2755 1649 2786 88
1681 2762 1731 2793 aq.
1780 2754 1874 2792 putat
1904 2759 1977 2782 ene

196 2806 398 2838 Taciteiscbe
433 2809 669 2841 Formenlehre
702 2821 731 2850 p.
770 2812 824 2841 53.
861 2810 979 2841 Livius
1012 2812 1068 2848 32,
1107 2812 1292 2841 Arenacum
1333 2809 1443 2850 olavo,
1492 2810 1738 2841 Batavodurum
1775 2807 1976 2849 Nm

203 2866 254 2901 1³,
279 2866 298 2895 ὅ
322 2865 458 2897 excibat.
1106 2866 1249 2898 Grinnes
1265 2865 1482 2907 &ambae-q,
1506 2866 1633 2898 Vadam
1649 2864 1800 2905 Βοῶν,
1813 2869 1870 2896 m
1887 2864 1977 2896 intra

244 2922 297 2951 20.
347 2922 499 2962 Arenaci]
538 2922 570 2954 b.
606 2922 708 2953 Aaron
739 2923 811 2955 sive
843 2923 930 2954 Arm
968 2932 1069 2962 prope
1108 2923 1327 2962 Crauenburg
1349 2932 1453 2963 prope
1485 2922 1598 2962 Wyur.
1624 2941 1666 2947 —
1690 2923 1976 2962 mm·—

201 2976 341 3008 Ilenecn.
392 2978 492 3009 Ukert
511 2979 638 3010 Gallie„
664 2989 696 3019 p.
723 2981 801 3013 531.
851 2980 1070 3011 Walckenaer
1101 2978 1242 3023 pontem]
1280 2983 1310 3018 1,
1336 2982 1379 3012 70
1403 2980 1590 3020 interr-poia
1620 2979 1787 3019 καὶ..
1812 2977 1977 3019 pedibu,

201 3034 240 3063 ll.
278 3044 307 3072 p.
344 3036 420 3068 807.
476 3037 532 3066 alii
569 3038 684 3066 volunt
718 3046 789 3067 ease
825 3035 991 3068 Amaci-⁸.
1026 3053 1067 3060 —
1105 3037 1182 3067 ilem
1215 3037 1337 3069 caesar
1362 3038 1400 3070 B.
1426 3036 1468 3068 G.
1493 3038 1527 3077 ⁶1,
1558 3038 1599 3069 la
1623 3040 1658 3067 et
1681 3036 1724 3068 u
1759 3040 1792 3067 et
1821 3038 1977 3075 quattuor

203 3090 413 3129 Batavoduri!
430 3092 531 3123 Ukert
549 3092 678 3123 Gallim
707 3102 737 3131 p.
765 3095 830 3125 680
856 3098 950 3133 putat
972 3094 1069 3124 situm
1106 3093 1186 3124 locis
1209 3094 1242 3124 iu
1267 3094 1362 3126 libris
1386 3094 1427 3125 de
1451 3093 1540 3125 belle
1561 3092 1663 3124 civili.

202 3147 261 3175 hoc
286 3148 439 3186 oppidum
466 3149 564 3179 suia-e
598 3159 700 3188 prope
726 3149 909 3190 Baunbury
940 3155 1070 3190 septen·
1153 3152 1207 3181 ²1.
1250 3149 1402 3194 diod-aea]
1418 3153 1452 3190 6,
1471 3151 1525 3182 70.
1549 3149 1591 3180 ef.
1609 3151 1642 3189 2,
1660 3150 1713 3180 82.
1736 3166 1770 3173 —
1791 3146 1977 3193 hm]

202 3204 339 3233 trionem
366 3214 487 3236 versun.
515 3223 553 3228 —
574 3204 726 3249 Gramen]
753 3206 857 3238 Ukert
883 3208 905 3239 l.
931 3209 953 3239 l.
980 3207 1071 3247 ponit
1108 3206 1194 3237 hune
1234 3216 1361 3238 amnem
1401 3216 1473 3238 aeae
1517 3205 1686 3245 Vahlen,
1726 3206 1758 3236 in
1795 3214 1861 3246 qno
1898 3210 1978 3238 tune

203 3269 303 3298 prope
331 3260 458 3296 Danaen,
496 3262 712 3293 Walckenaer
746 3262 871 3294 Waricb
904 3269 935 3294 et
970 3263 1070 3294 Boch-
1109 3264 1249 3302 plurima
1266 3263 1371 3294 Rheni
1388 3271 1484 3303 aqua,
1509 3271 1549 3293 ex
1575 3262 1627 3293 hia
1650 3270 1684 3293 et
1701 3260 1978 3302 subseqnentibus

202 3316 288 3345 dein.
311 3333 349 3338 -—
379 3316 572 3360 radan-oque]
591 3318 693 3348 Ukert
711 3319 804 3357 ponit
832 3329 933 3359 prope
951 3321 1074 3350 Druoen
1108 3321 1220 3360 liquet.
1233 3320 1376 3351 Βιττιι.
1389 3317 1979 3360 —Oivu'lu'e-wonetava‘tltranatavl}
2035 3317 2039 3320 ’
