2176 3672
731 251 904 295 LIBER
931 251 987 294 11.
1048 250 1148 305 Cap.
1179 251 1217 294 8.
1251 252 1290 294 9.
1323 252 1387 296 10.
1420 252 1486 294 11.
1917 249 2002 293 319

229 378 377 411 recens
407 365 568 410 Galbae
595 367 838 420 principatu
867 370 1116 410 censuerant
1144 369 1289 420 patres
1302 401 1312 420 ,
1343 369 1392 409 ut
1422 369 1714 410 accusatorum
1745 378 1899 409 causae
1927 378 2001 408 no-

228 450 459 491 scerentur.
505 447 554 489 id
586 449 760 490 senatus
801 446 1039 489 consultum
1082 447 1199 490 varie
1239 447 1445 490 iactatum
1483 450 1547 499 et,
1587 449 1715 500 prout
1753 448 1904 500 potens
1934 444 2001 488 vel

229 527 353 581 inops
392 538 491 570 reus
530 526 757 579 inciderat,
797 523 1010 569 infirmum
1051 529 1127 568 aut
1156 525 1342 569 validum
1384 526 1597 570 retinebat
1634 526 1775 569 adhuc
1803 530 2001 570 terrores.

228 610 274 650 et
301 606 478 660 propria
506 606 549 650 vi
569 596 746 660 Crispus
776 605 1029 649 incubuerat
1051 606 1282 650 delatorem
1312 606 1459 649 fratris
1491 607 1557 649 sui
1587 610 1831 660 pervertere
1859 609 2000 648 traxe—

227 689 382 741 ratque
418 698 613 740 magnam
652 688 826 729 senatus
866 689 1052 739 partem,
1097 691 1146 729 ut
1176 686 1439 729 indefensum
1478 691 1522 729 et
1550 687 1787 729 inauditum
1818 686 1917 729 dedi
1947 685 2002 728 ad
2038 696 2056 726 5

227 766 404 810 exitium
441 765 721 820 postularent.
772 769 922 809 contra
950 767 1066 820 apud
1105 767 1213 810 alios
1243 766 1348 809 nihil
1376 780 1510 821 aeque
1538 779 1610 809 reo
1640 767 1844 820 proderat
1874 778 1999 820 quam

226 846 358 889 nimia
385 846 579 899 potentia
608 846 889 897 accusatoris:
920 847 1014 888 dari
1045 852 1212 901 tempus
1226 880 1237 900 ,
1268 847 1338 889 edi
1367 847 1566 899 crimina,
1597 847 1789 901 quamvis
1819 846 2001 888 invisum

224 937 276 969 ac
303 928 524 968 nocentem
552 938 672 968 more
701 930 843 969 tamen
865 926 1122 970 audiendum
1143 926 1378 970 censebant.
1425 932 1468 969 et
1492 926 1664 970 valuere
1686 927 1822 981 primo
1845 925 1999 968 dilata-

224 1016 309 1060 que
336 1005 380 1048 in
409 1017 569 1059 paucos
600 1005 692 1048 dies
723 1006 927 1060 cognitio;
958 1019 1054 1049 mox
1086 1007 1312 1049 damnatus
1342 1010 1410 1049 est
1429 1007 1629 1060 Faustus,
1659 1018 1927 1061 nequaquam
1950 1018 2000 1048 eo

224 1097 401 1128 assensu
416 1085 615 1138 civitatis,
637 1098 760 1140 quem
780 1087 976 1140 pessimis
996 1086 1183 1129 moribus
1204 1090 1440 1130 meruerat:
1472 1087 1629 1141 quippe
1644 1087 1785 1140 ipsum
1801 1085 1999 1139 Crispum
2014 1098 2056 1127 10

224 1165 393 1208 easdem
423 1166 715 1209 accusationes
745 1179 840 1209 cum
870 1167 1058 1220 praemio
1080 1167 1321 1210 exercuisse
1350 1167 1638 1220 meminerant,
1668 1179 1745 1210 nec
1764 1179 1900 1220 poena
1919 1166 1998 1208 cri-

226 1245 352 1288 minis
382 1246 460 1289 sed
488 1244 602 1288 ultor
630 1245 894 1299 displicebat.

337 1325 430 1379 (11)
468 1325 604 1368 Laeta
631 1326 802 1368 interim
832 1326 990 1369 Othoni
1019 1326 1228 1381 principia
1258 1326 1378 1380 belli,
1409 1327 1537 1370 motis
1566 1327 1622 1369 ad
1652 1326 1877 1380 imperium
1907 1326 1997 1368 eius

224 1417 249 1448 e
276 1404 493 1448 Dalmatia
521 1405 820 1460 Pannoniaque
851 1406 1117 1450 exercitibus.
1163 1406 1283 1450 fuere
1312 1411 1516 1461 quattuor
1544 1407 1730 1460 legiones
1743 1440 1753 1459 ,
1792 1419 1815 1449 e
1843 1405 1996 1460 quibus

221 1483 322 1528 bina
349 1484 468 1528 milia
497 1485 757 1539 praemissa3
797 1486 917 1540 ipsae
946 1487 1124 1530 modicis
1154 1487 1391 1530 intervallis
1422 1486 1730 1541 sequebantur,
1761 1487 1943 1540 septima
1972 1499 1998 1528 a
2013 1499 2053 1529 15

223 1563 360 1607 Galba
379 1565 631 1619 conscripta,
661 1569 891 1609 veteranae
911 1567 1134 1610 undecima
1155 1580 1206 1610 ac
1225 1568 1355 1610 tertia
1374 1568 1539 1610 decima
1569 1572 1610 1610 et
1638 1567 1857 1621 praecipui
1885 1565 1998 1608 fama

223 1645 599 1699 quartadecumani
628 1645 855 1690 rebellione
874 1647 1122 1691 Britanniae
1151 1660 1390 1702 conpressa.
1437 1647 1664 1690 addiderat
1685 1646 1861 1702 gloriam
1883 1645 1996 1688 Nero

224 1723 418 1778 eligendo
457 1729 507 1768 ut
546 1727 813 1780 potissimos,
854 1727 967 1770 unde
995 1727 1123 1781 longa
1162 1727 1248 1771 illis
1278 1740 1380 1781 erga
1408 1726 1618 1771 Neronem
1647 1726 1753 1771 fides
1783 1731 1826 1770 et
1855 1733 1997 1770 erecta

318 1887 335 1917 1
370 1885 493 1916 recenti
517 1886 700 1926 Nipperdey
789 1887 976 1927 principatu
1080 1891 1098 1919 2
1124 1888 1214 1928 uarie
1318 1891 1337 1921 3
1363 1889 1468 1919 adhuc
1491 1888 1564 1919 ab:
1586 1888 1628 1919 ad
1652 1889 1738 1918 hunc
1758 1886 1764 1930 ]
1854 1891 1994 1918 terrores

226 1941 379 1982 Madviy:
396 1931 498 1973 {roris
521 1943 659 1985 (terrore
683 1943 766 1983 ab),
792 1947 951 1975 terrorem
974 1945 1001 1975 Ι.
1027 1945 1082 1975 Fr.
1110 1946 1308 1984 Gronovius,
1341 1946 1466 1984 aliquid
1491 1946 1625 1977 terroris
1648 1946 1755 1976 Iacob.
1793 1944 1993 1976 retinebatur

225 1987 332 2019 adhuc
354 1989 472 2019 terrori
494 1988 686 2029 Acidaliae,
711 1989 819 2028 Halm,
843 1990 945 2021 Ritter
1035 1993 1055 2021 4
1081 1994 1130 2022 set
1153 1992 1270 2030 Halm,
1296 1995 1345 2022 set
1370 1996 1401 2023 et
1424 1992 1525 2022 Ritter
1617 1993 1637 2023 5
1662 1992 1854 2022 Indefensfis
1879 1991 1908 2032 (s
1933 1990 1992 2020 del.

228 2031 292 2075 lm)
385 2036 405 2066 6
430 2035 531 2066 nichil
626 2036 663 2066 11
689 2045 775 2075 pena
870 2037 910 2066 17
935 2036 1111 2076 brittannie
1133 2036 1267 2077 {pressa
1291 2038 1410 2079 (notam
1434 2048 1534 2077 supra
1555 2047 1576 2077 p
1601 2037 1660 2068 del.
1686 2036 1749 2080 lm)

223 2181 336 2215 Gnon.
352 2200 397 2206 -
421 2192 531 2214 recens
550 2183 674 2215 Galbae
685 2182 886 2227 principatu]
903 2194 967 2215 nou
987 2194 1085 2215 ausus
1127 2195 1225 2223 acque
1250 2203 1293 2208 —
1317 2184 1426 2228 quam]
1469 2186 1522 2216 Sic
1558 2186 1689 2217 Tacitus
1725 2185 1877 2216 omnibus
1911 2186 1991 2216 locis

1125 2242 1212 2280 dicit,
1239 2251 1302 2273 uno
1327 2244 1399 2273 loeo
1424 2243 1470 2284 (4,
1497 2241 1531 2286 5)
1556 2253 1655 2282 aeque
1679 2254 1720 2273 ac
1744 2243 1783 2273 οἱ.
1813 2243 1933 2274 Gerber
1956 2246 1987 2273 et

1128 2299 1234 2338 θνα]
1253 2300 1332 2330 Lex.
1350 2300 1440 2338 Tac.,
1464 2301 1592 2340 Drdyer
1615 2300 1706 2340 Synt.
1733 2301 1752 2340 ξ
1772 2301 1847 2331 176,
1895 2301 1989 2330 Simi-

1125 2356 1190 2386 lem
1214 2365 1283 2386 rem
1307 2357 1406 2387 refert
1430 2358 1603 2389 Suetonius
1627 2359 1688 2389 Iul.
1711 2361 1770 2389 12:
1795 2363 1878 2388 sorte
1894 2357 1989 2388 iudex

1124 2412 1158 2442 in
1180 2422 1269 2443 reum
1295 2413 1407 2445 ductus
1438 2419 1504 2445 tam
1537 2416 1650 2454 cupide
1685 2415 1920 2452 condemnavit,
1957 2420 1990 2445 ut

224 2248 297 2271 sum
320 2240 457 2271 Medicei
490 2240 686 2279 scripturam
719 2244 866 2281 mutare3
902 2251 978 2272 nam
1002 2242 1088 2280 quod

231 2295 372 2335 Wolfflin
395 2297 526 2338 (philol.
545 2300 585 2330 27
610 2308 642 2338 p.
664 2299 742 2340 140)
766 2300 879 2330 statuit
902 2309 1008 2330 recens
1032 2299 1088 2330 ad—

222 2353 330 2384 verbii
353 2355 426 2385 loco
450 2355 631 2395 participiis
655 2359 780 2386 tantum
805 2357 941 2396 perfecti
964 2356 1088 2396 passivi

225 2414 282 2441 aut
314 2412 483 2443 adiectivis
516 2423 576 2452 pro
607 2413 786 2453 participiis
820 2413 940 2444 talibus
974 2413 1088 2453 positis

221 2468 309 2507 addi,
333 2479 398 2500 non
423 2473 489 2500 tam
514 2474 637 2501 certum
662 2475 694 2501 et
718 2471 923 2510 exploratum
948 2471 1086 2507 videtur,
1105 2456 1107 2486 3
1124 2469 1171 2499 ad
1185 2470 1340 2509 populum
1356 2473 1548 2510 provocanti
1577 2473 1659 2503 nihil
1690 2482 1789 2511 aeque
1812 2483 1852 2503 ac
1875 2472 1988 2503 iudicis

224 2528 260 2557 ut
281 2526 371 2558 locos
394 2527 469 2558 huic
493 2527 625 2566 regulae
642 2528 822 2560 contrarios
840 2529 905 2559 iam
922 2529 1086 2566 corrigere
1104 2540 1107 2572 Ξ
1125 2526 1283 2558 acerbitas
1299 2527 1475 2567 profuerit.

222 2582 329 2614 liceat.
368 2593 445 2615 nam
475 2585 658 2615 cavendum
693 2588 762 2624 est,
799 2596 840 2617 ue
871 2586 963 2616 fictas
997 2573 1106 2628 leges]
1217 2587 1269 2615 11.
1318 2586 1450 2625 septima
1473 2586 1618 2617 aGalba
1635 2585 1830 2629 conscripta]
1856 2588 1897 2618 ct'.
1920 2590 1948 2624 l,
1968 2589 1987 2618 6

222 2640 373 2679 scriptori
397 2641 618 2672 obtrudamus.
669 2643 820 2674 Ceterum
843 2642 935 2673 initio
962 2641 1086 2672 Galbae
1104 2633 1106 2662 -⁴
1123 2641 1242 2680 leyicme
1267 2642 1439 2682 Hispana;
1471 2644 1602 2675 diversa
1625 2644 1667 2675 ab
1691 2654 1730 2675 ea
1746 2649 1796 2675 est
1812 2643 1875 2674 VII
1892 2644 1987 2675 Clau—

222 2697 424 2737 principatus
448 2699 510 2730 hoc
525 2702 658 2730 senatus
675 2700 859 2730 consultum
877 2700 997 2730 factum
1015 2708 1086 2729 esse
1125 2698 1188 2730 dia.
1214 2716 1257 2722 —
1291 2700 1469 2740 undecima]
1495 2702 1631 2732 Claudia
1656 2705 1727 2732 erat
1750 2702 1783 2732 in
1808 2701 1984 2732 Dalmatia.

222 2754 316 2786 docet
349 2757 389 2794 4,
414 2757 476 2788 42:
514 2756 729 2795 elanyuimue,
759 2761 873 2796 patres
907 2756 1086 2795 conscripti,
1128 2773 1161 2777 -
1191 2756 1286 2786 tertia
1319 2756 1455 2799 decima]
1495 2757 1634 2789 Gemina
1664 2759 1696 2789 in
1729 2757 1907 2788 Pannonia.
1944 2775 1985 2780 —

223 2819 281 2841 neo
303 2811 369 2842 iam
391 2811 446 2843 ille
468 2818 595 2844 senatus
620 2823 736 2851 eamus,
761 2814 818 2852 qui
839 2814 943 2844 occiso
960 2813 1086 2843 Nerone
1103 2840 1106 2860 1
1124 2813 1425 2853 quartadecumani]
1451 2815 1536 2853 legio
1561 2815 1642 2845 XIV
1668 2815 1828 2853 Gemina,
1852 2819 1986 2854 propter

1123 2870 1276 2900 virtutem
1291 2894 1299 2908 ,
1346 2880 1442 2909 quam
1487 2872 1519 2902 in
1560 2872 1730 2903 Britannia
1770 2873 1985 2911 praestiterat,

1123 2927 1239 2957 Martia
1257 2928 1383 2958 Victrix
1407 2929 1647 2967 cognominata,
1672 2939 1692 2960 a
1714 2929 1845 2960 Nerone
1870 2939 1888 2959 e
1913 2929 1983 2959 Bri-

223 2867 380 2900 delatores
402 2874 432 2900 et
453 2870 615 2902 ministros
630 2881 716 2901 more
731 2871 890 2901 maiorum
908 2869 1087 2910 puniendos

214 2923 400 2963 flaqitabat.
439 2927 574 2966 optimus
597 2932 643 2959 eat
668 2933 743 2967 post
765 2928 884 2958 malum
908 2927 1105 2970 prim-iltem'

223 2980 290 3011 dien
307 2983 444 3021 primm.
461 3002 504 3006 —
528 2986 616 3016 varie
632 2983 798 3028 iactatum]
824 2985 910 3023 quod
927 2994 992 3015 non
1010 2994 1085 3014 ean-
1102 2996 1105 3035 ὲ
1122 2984 1231 3014 tannia
1264 2985 1369 3015 excita
1399 2994 1419 3015 a
1454 2984 1560 3015 Galba
1590 2986 1622 3016 in
1658 2987 1854 3017 Dalmatiam
1886 2987 1986 3018 missa

223 3038 298 3069 dem
335 3049 464 3079 semper
503 3041 572 3071 vim
612 3041 786 3078 habuerat,
825 3042 920 3083 modo
959 3050 1085 3080 parum,
1103 3061 1105 3066 .
1123 3044 1200 3071 erat.
1236 3042 1276 3071 ct'.
1303 3040 1346 3071 W.
1364 3042 1500 3081 Issczner
1525 3042 1719 3074 Geschiebte
1744 3044 1774 3074 d.
1800 3053 1825 3074 r.
1849 3044 1981 3075 Kaiser—

222 3095 319 3126 modo
342 3098 481 3127 multum
497 3099 657 3135 valuerat,
683 3103 718 3129 ut
741 3109 815 3130 mox
839 3100 910 3138 ipse
935 3098 1085 3138 explicat.
1103 3106 1105 3129 ι
1123 3097 1272 3135 legionen
1299 3107 1328 3136 p.
1349 3100 1423 3130 257.
1453 3116 1494 3121 —-
1525 3098 1691 3131 rebellione
1714 3098 1918 3142 Britanniae]
1944 3101 1983 3131 de

222 3151 311 3182 Eun.
346 3153 566 3191 (diversement
588 3156 709 3186 eaee'cute
741 3156 941 3193 Louandre.)
965 3171 1009 3177 ——
1043 3155 1086 3184 in·
1103 3165 1105 3206 ¹3
1123 3164 1186 3193 qua
1203 3156 1287 3185 Ann.
1310 3157 1362 3193 14,
1383 3157 1422 3186 29
1437 3165 1526 3195 seqq.
1550 3157 1630 3195 Agr.
1652 3158 1691 3188 15
1709 3166 1798 3196 seqq.
1848 3157 1984 3189 Cerialis

224 3207 373 3240 cubuerac
397 3227 438 3233 —
456 3210 650 3255 pervertere]
686 3213 786 3252 Verg.
813 3213 852 3243 G.
877 3215 918 3251 4,
944 3214 1008 3243 249
1042 3213 1085 3242 in·
1103 3219 1105 3241 ἑ
1123 3212 1434 3250 quartadecumanos
1459 3213 1627 3244 domitores
1651 3214 1841 3246 Britanniae
1870 3217 1982 3255 appel-

223 3265 363 3297 cumbenz
377 3268 499 3305 ymera
514 3269 602 3308 lapsi
617 3270 737 3300 sarcire
755 3270 877 3301 ruinae.
902 3287 945 3293 —
964 3269 1083 3307 fratris
1102 3279 1104 3292 ·.
1122 3269 1167 3298 lat
1190 3268 1229 3298 Η.
1258 3270 1289 3306 5,
1314 3270 1363 3299 16.
1391 3286 1432 3291 ——
1457 3269 1598 3308 eliqemio
1622 3275 1654 3301 ut
1671 3271 1868 3315 potissimos]
1894 3274 1981 3303 Nero

224 3320 293 3366 sui]
320 3323 406 3354 Vibii
432 3325 591 3365 Secundi,
615 3326 654 3357 de
679 3336 743 3365 quo
767 3327 855 3358 Ann.
881 3328 934 3364 14,
962 3328 1014 3357 28.
1042 3343 1083 3349 —-
1102 3297 1105 3345 Ι
1123 3335 1178 3356 eos
1202 3326 1418 3357 arcessiverat
1441 3327 1512 3357 eive
1529 3330 1642 3358 contra
1658 3328 1828 3360 Vindicem
1854 3330 1924 3360 sive
1941 3331 1981 3361 ad
