2176 3672
814 240 987 284 LIBER
1016 241 1071 284 Π.
1130 240 1231 295 Cap.
1267 243 1303 283 1.
1860 241 1945 284 309

434 672 1684 748 HISTORIARUM

739 799 958 843 LIBER
995 799 1369 844 SECUNDUS.

688 1022 1155 1060 BREVIARIUM
1197 1022 1416 1059 LIBRI.

168 1121 251 1162 cap.
277 1124 307 1153 1.
356 1122 449 1152 Titus
473 1122 515 1152 ad
539 1121 678 1152 Galbam
701 1123 819 1153 missus
843 1123 958 1153 nuntio
991 1123 1107 1152 mortis
1139 1123 1210 1152 eius
1233 1125 1367 1161 accepto
1390 1121 1490 1152 vertit
1512 1123 1584 1153 iter.
1636 1124 1667 1153 2.
1700 1121 1846 1161 Paphiae
1872 1122 1939 1153 Ve-

212 1167 301 1199 neris
322 1169 482 1207 templum
505 1168 582 1198 adit.
632 1170 661 1199 3.
699 1169 794 1198 huius
819 1169 911 1207 origo
943 1172 977 1199 et
1000 1169 1079 1199 deae
1103 1169 1219 1199 cultus.
1266 1170 1297 1198 4.
1332 1168 1377 1198 ibi
1402 1170 1511 1198 futura
1534 1169 1668 1199 edoctus
1703 1174 1798 1198 aucto
1824 1169 1938 1199 animo

212 1213 254 1243 ad
273 1218 411 1252 patrem,
435 1214 490 1252 qui
515 1214 637 1244 bellum
663 1215 829 1244 Iudaicum
852 1215 1095 1253 profligaverat,
1121 1214 1216 1244 redit.
1265 1216 1297 1244 5.
1324 1213 1518 1253 Vespasiani
1536 1213 1746 1252 Mucianique
1764 1215 1936 1253 ingenium

215 1268 255 1290 ae
277 1269 386 1290 mores
409 1260 543 1291 diversi.
594 1261 628 1291 hi
651 1261 751 1291 duces
782 1261 898 1299 positis
921 1261 1004 1290 odiis
1033 1261 1067 1290 in
1091 1261 1233 1290 medium
1256 1261 1439 1290 consulunt.
1487 1260 1563 1290 inde
1589 1263 1619 1291 6.
1646 1262 1676 1291 7.
1714 1261 1822 1290 civilis
1858 1260 1937 1291 belli

213 1306 342 1336 occasio
366 1306 655 1336 intumescentibus
672 1305 819 1336 Orientis
844 1306 1039 1344 legionibus.
1088 1306 1118 1336 8.
1140 1306 1170 1335 9.
1197 1306 1289 1335 Falsi
1313 1307 1455 1336 Neronis
1480 1306 1658 1336 ludibrium
1684 1305 1726 1335 ab
1750 1308 1938 1344 Asprenate

210 1359 443 1390 compressum.
492 1353 544 1383 10.
569 1351 609 1382 In
643 1352 726 1382 urbe
757 1361 880 1392 parvae
914 1361 967 1382 res
999 1352 1129 1390 magnis
1161 1351 1305 1383 motibus
1335 1358 1436 1383 actae.
1484 1351 1602 1382 Vibius
1630 1352 1767 1390 Crispus
1791 1353 1938 1382 Annium

210 1396 379 1434 Faustum,
402 1397 583 1428 delatorem
606 1398 717 1428 fratris
739 1398 801 1434 sni,
826 1398 995 1437 pervertit.

256 1445 310 1474 u.
334 1442 437 1473 Laeta
459 1442 581 1474 Othoni
604 1444 764 1483 principia
787 1443 880 1474 belli.
930 1445 983 1475 12.
1009 1443 1104 1474 miles
1130 1443 1199 1473 eius
1223 1443 1256 1473 in
1283 1443 1420 1482 Alpinos
1445 1443 1561 1473 saevit.
1614 1443 1664 1472 13.
1692 1443 1731 1472 In
1750 1442 1937 1473 Albintimi-

211 1487 293 1519 lium
315 1488 384 1518 iras
407 1490 516 1520 vertit.
564 1490 731 1529 egregium
755 1494 922 1520 maternae
944 1490 1076 1528 pietatis
1099 1490 1295 1528 exemplum.
1344 1491 1396 1520 14.
1422 1489 1570 1519 imminet
1592 1489 1782 1527 provinciae
1807 1489 1937 1519 Narbo-

207 1534 302 1565 nensi
317 1533 503 1565 Othoniana
517 1535 643 1566 classis.
690 1536 858 1566 Vitelliani
882 1536 978 1565 eaesi.
1029 1537 1081 1565 15.
1107 1544 1167 1565 nec
1182 1534 1379 1565 Othonianis
1403 1535 1572 1565 incruenta
1596 1534 1743 1564 victoria.
1794 1537 1846 1566 16.
1871 1535 1935 1565 Pa-

206 1580 330 1611 carium
347 1585 591 1619 procuratorem
609 1581 726 1612 iuvare
742 1581 911 1612 Vitellium
929 1581 1105 1612 Corsorum
1121 1581 1248 1611 viribus
1264 1586 1434 1620 parantem
1450 1581 1593 1611 insulani
1619 1585 1747 1610 necant.
1799 1583 1851 1611 17.
1878 1581 1933 1611 Vi-

208 1626 418 1657 tellianorum
440 1636 493 1657 res
517 1628 678 1658 secundae
701 1628 735 1657 in
759 1628 865 1657 Italia.
916 1628 970 1657 18.
989 1629 1041 1659 19.
1068 1626 1232 1666 Spurinna
1249 1627 1449 1657 Placentiam
1474 1628 1578 1656 munit
1596 1631 1710 1656 contra
1727 1627 1931 1657 Vitellianos.

209 1672 263 1703 20.
288 1681 361 1703 eam
384 1671 525 1702 Caecina
549 1676 625 1703 dum
650 1677 836 1713 oppugnat.
873 1674 926 1704 21.
950 1673 1225 1712 amphitheatrum
1250 1673 1323 1703 urbi
1349 1674 1532 1712 proximum
1556 1673 1747 1710 conflagrat.
1796 1675 1849 1703 22.
1877 1673 1934 1703 ob—

208 1717 335 1748 sidione
357 1719 466 1748 soluta
488 1717 684 1749 Cremonam
708 1720 850 1751 Caecina
871 1719 965 1758 petit,
988 1719 1046 1749 ubi
1070 1720 1123 1750 23.
1149 1718 1328 1749 Othoniani
1352 1727 1509 1758 prospere
1533 1722 1692 1757 pugnant.
1729 1718 1931 1749 vincentium

205 1763 363 1802 impetum
386 1764 568 1803 reprimunt
590 1765 699 1802 duces,
723 1765 799 1796 inde
823 1765 966 1803 suspecti
990 1765 1072 1795 fiunt
1095 1765 1173 1795 suis.
1224 1766 1276 1796 24.
1305 1765 1466 1796 Caecinae
1490 1764 1627 1794 insidias
1651 1764 1684 1794 in
1708 1765 1817 1803 ipsum
1834 1765 1933 1795 vertit

207 1807 382 1840 Suetonius
403 1810 574 1849 Paulinus,
597 1811 688 1841 cuius
713 1812 766 1842 25.
790 1811 997 1844 cunctatione
1012 1811 1180 1841 Vitelliani
1197 1815 1380 1841 servantur.
1430 1812 1483 1841 26.
1511 1811 1673 1848 utrimque
1691 1811 1932 1841 tumultuantur

207 1854 337 1885 milites.

253 1901 309 1931 8⁹1.
343 1900 468 1931 Valens
499 1901 533 1931 in
557 1902 686 1932 ltaliam
716 1902 827 1941 copias
860 1902 960 1932 ducit.
1008 1903 1062 1934 28.
1088 1903 1141 1932 29.
1176 1903 1288 1941 gravis
1311 1903 1344 1932 in
1372 1902 1442 1932 eius
1465 1901 1610 1932 exercitu
1634 1906 1707 1931 orta
1731 1901 1932 1931 Batavorum

208 1947 325 1976 seditio
341 1947 452 1977 Alfeni
468 1946 548 1977 Vari
572 1948 709 1978 consilio
733 1948 923 1987 composita.
973 1949 1028 1978 30.
1054 1948 1173 1978 iunctis
1197 1948 1311 1986 armis,
1335 1947 1553 1978 aemulatione
1577 1956 1764 1986 suppressa,
1791 1947 1932 1978 Caecina

207 2001 246 2022 ac
269 1992 394 2023 Valens
418 1993 587 2024 Vitellium
611 1994 742 2028 fovent,
779 1993 902 2024 Othoni
926 1993 1047 2033 probra
1071 1993 1246 2024 obiectant.
1294 2003 1405 2024 eorum
1431 1995 1484 2025 31.
1512 1991 1720 2031 othonisque
1745 1996 1778 2023 et
1802 1993 1927 2023 Vitellii

207 2038 417 2078 comparatio.
463 2037 550 2068 Otho
585 2039 748 2069 consultat
780 2040 821 2070 de
855 2039 981 2069 ratione
1017 2039 1106 2070 belli.
1156 2041 1209 2070 32.
1245 2039 1418 2070 Suetonius
1452 2039 1609 2068 Paulinus
1643 2047 1768 2068 moram
1804 2039 1929 2070 suadet.

207 2084 261 2114 33.
286 2084 407 2114 Titiani
429 2084 540 2114 fratris
563 2089 595 2115 et
616 2085 745 2115 Proculi
770 2085 906 2115 consilia
929 2086 1131 2124 praevalent.
1179 2084 1267 2115 Otho
1290 2095 1365 2116 cum
1388 2085 1501 2115 valida
1524 2094 1622 2114 manu
1645 2084 1826 2114 Brixellum
1849 2094 1926 2115 con-

205 2130 302 2160 eedit.
351 2131 404 2162 34.
431 2130 596 2160 Vitelliani
619 2131 791 2161 transitum
815 2131 897 2161 Padi
921 2131 1096 2169 simulant3
1134 2132 1188 2162 35.
1216 2131 1270 2162 36.
1296 2140 1391 2169 quem
1416 2130 1628 2170 prohibentes
1652 2129 1830 2160 Othoniani
1855 2140 1927 2161 cae-

205 2175 334 2206 dnnmr.
385 2177 438 2207 37.
465 2185 570 2206 vanus
593 2185 716 2215 rumor,
739 2186 863 2215 pavore
889 2176 968 2206 belli
993 2176 1169 2207 fastidiove
1192 2177 1359 2215 utriusque
1387 2177 1543 2216 principis
1567 2176 1658 2215 pacis
1681 2176 1820 2206 consilia
1843 2176 1928 2206 inter

205 2221 367 2252 exercitus
398 2221 498 2252 fuisse
531 2222 664 2261 agitata.
711 2223 763 2254 38.
798 2231 953 2253 excursus
978 2222 1018 2252 de
1041 2221 1204 2261 prioribus
1228 2223 1342 2262 populi
1367 2223 1505 2252 Romani
1528 2222 1680 2252 civilibus
1714 2221 1820 2252 bellis.
1871 2224 1926 2253 39.

203 2267 258 2299 40.
283 2267 432 2298 Titianus
456 2271 489 2298 et
510 2268 669 2299 Proculus
692 2268 731 2297 ad
757 2272 908 2306 quartum
933 2277 952 2297 a
975 2268 1134 2298 Bedriaco
1159 2272 1266 2298 castra
1289 2269 1427 2307 inperite
1451 2272 1656 2307 promovent
1704 2267 1842 2297 ducibus
1868 2268 1925 2297 du-

204 2312 268 2343 biis
290 2323 360 2343 rem
382 2314 417 2343 in
434 2313 607 2344 discrimen
632 2314 716 2344 mitti
732 2313 819 2344 Otho
843 2314 942 2344 iubet.
991 2314 1137 2344 41-43.
1162 2314 1392 2344 Bedriacensis
1417 2323 1537 2353 pugna.
1584 2315 1639 2344 44.
1664 2312 1925 2343 Othonianorum

203 2359 283 2398 suga
305 2363 338 2390 et
360 2359 520 2390 adversus
543 2360 642 2390 duces
666 2369 743 2390 snos
765 2360 824 2390 ira.
873 2361 929 2391 45.
966 2360 1120 2390 indutiae.
1166 2360 1245 2390 vieti
1277 2369 1351 2390 cum
1375 2360 1556 2390 victoribus
1589 2360 1623 2389 in
1645 2359 1796 2389 lacrimas
1829 2359 1925 2398 effus,

203 2405 317 2436 civilia
339 2404 426 2435 bella
447 2406 660 2437 detestantur.
708 2407 853 2438 46—49
879 2406 1021 2444 Accepto
1045 2406 1146 2435 cladis
1169 2405 1282 2436 nuntio
1300 2405 1387 2436 Otho
1411 2406 1538 2436 consilii
1561 2410 1669 2436 certus
1692 2405 1811 2444 spretis
1834 2405 1913 2435 ami—

202 2460 312 2481 corum
344 2451 547 2490 militumque
579 2450 711 2482 solaciis
743 2451 935 2482 seditionem
968 2451 1144 2490 compescit
1174 2456 1206 2482 et
1230 2451 1263 2482 in
1289 2452 1410 2482 ferrum
1434 2456 1566 2491 pectore
1598 2450 1768 2481 incumbit.
1817 2451 1914 2481 funus

204 2500 410 2527 maturatum.
458 2497 499 2528 ad
523 2506 638 2535 rogum
662 2497 792 2535 quidam
816 2497 954 2527 militum
979 2507 1013 2527 se
1038 2496 1246 2527 interficiunt.
1296 2498 1349 2527 50.
1375 2496 1514 2527 Othonis
1538 2500 1638 2533 aetas,
1663 2497 1767 2535 origo,
1793 2496 1890 2526 sama.

248 2543 303 2573 51.
339 2542 471 2573 Novata
501 2543 592 2573 luctu
623 2552 661 2573 ac
692 2543 807 2574 dolore
839 2543 976 2573 militum
1011 2542 1137 2572 seditio.
1185 2544 1330 2574 52-54,
1368 2552 1445 2582 pars
1469 2547 1602 2574 senatus
1625 2541 1788 2572 Othonem
1813 2546 1924 2572 secuta

202 2593 382 2619 extremum
404 2588 579 2620 discrimen
603 2589 680 2620 adit.
728 2591 783 2621 55.
808 2589 932 2619 Romae
955 2588 1182 2627 trepidationis
1205 2588 1304 2627 nihil3
1327 2593 1515 2627 spectantur
1538 2589 1624 2626 ludi3
1649 2588 1759 2618 audita
1782 2587 1923 2618 Othonis

206 2638 311 2664 morte
335 2634 470 2665 Vitellio
501 2635 677 2674 plauditur.
726 2636 782 2666 56.
815 2634 928 2673 gravis
953 2634 1065 2664 ltaliae
1088 2634 1194 2664 vietor
1218 2634 1389 2665 exercitus.
1437 2637 1491 2667 57.
1527 2634 1678 2664 Vitellius
1711 2634 1861 2664 nuntium
1884 2634 1925 2664 de

207 2679 347 2710 victoria
379 2689 439 2710 sua
470 2680 608 2720 accipit,
649 2682 706 2712 58.
740 2681 903 2719 simulque
937 2680 976 2710 de
1011 2683 1216 2719 transgressa
1246 2680 1278 2710 in
1304 2684 1414 2719 partes
1448 2690 1524 2711 suas
1558 2684 1694 2718 utraque
1717 2679 1924 2710 Mauretania

212 2726 268 2757 59.
292 2725 403 2756 Blaesi
420 2726 530 2756 odium
546 2726 728 2757 vernilibus
751 2726 920 2756 blanditiis
943 2727 1042 2756 velat.
1090 2726 1142 2756 60.
1167 2724 1425 2757 Othonianorum
1446 2725 1707 2765 promptissimos
1722 2726 1926 2755 centuriones

206 2771 368 2806 interficit.
395 2772 492 2802 duces
510 2771 667 2803 absolvit.
717 2774 771 2803 61.
795 2772 928 2802 Marieci
952 2772 1095 2801 inserere
1121 2781 1192 2802 sese
1215 2772 1366 2802 fortunae
1382 2773 1452 2802 ausi
1469 2771 1673 2810 supplicium.
1721 2771 1776 2801 62.
1802 2770 1926 2801 Vitellii

207 2817 297 2855 gula,
321 2818 437 2848 edicta.
476 2822 622 2857 spretum
637 2818 779 2857 Augusti
795 2817 1012 2856 Caesarisque
1037 2818 1255 2856 praeconium.
1296 2818 1382 2857 pulsi
1405 2817 1636 2848 mathematici.
1677 2817 1802 2854 equites
1826 2826 1926 2847 arena

207 2862 374 2901 prohibiti.
422 2864 476 2895 63.
502 2865 555 2895 64.
590 2863 783 2894 Dolabellae
808 2864 933 2894 caedes.
981 2863 1126 2893 Triariae
1150 2863 1300 2902 licentia,
1339 2862 1490 2894 Galeriae
1516 2867 1548 2893 et
1572 2862 1727 2893 Sextiliae
1751 2862 1919 2893 modestia.

209 2908 263 2939 65.
288 2907 426 2940 Cluvius
450 2909 643 2947 absolvitur,
668 2909 853 2940 Trebellius
876 2912 1074 2940 removetur.
1122 2908 1176 2939 66.
1202 2908 1315 2939 Victae
1339 2909 1486 2947 legiones
1511 2908 1679 2940 ferociunt.
1722 2908 1924 2946 quartadeci—

207 2961 377 2984 manorum
409 2958 443 2985 et
464 2954 665 2986 Batavorum
699 2955 871 2986 discordia.
922 2955 973 2985 67.
1009 2954 1291 2994 praetorianorum
1319 2954 1457 2985 honesta
1481 2954 1604 2985 missio.
1652 2958 1853 2993 sparguntur
1878 2955 1921 2984 le-

208 2998 334 3036 giones.
381 2999 437 3030 68.
460 3001 622 3031 luxuriam
646 3001 805 3040 principis
828 3001 1012 3031 aemulatur
1036 3000 1207 3030 exercitus.
1249 3000 1353 3030 Ticini
1370 3001 1526 3030 tumultus
1542 3000 1606 3030 alio
1622 3000 1761 3029 tumultu
1777 3000 1919 3031 sedatus.

206 3043 353 3082 Verginii
374 3045 563 3084 periculum.
612 3047 667 3079 69.
693 3048 844 3079 cohortes
861 3046 1060 3077 Batavorum
1085 3045 1118 3075 in
1136 3045 1345 3076 Germaniam
1370 3047 1535 3076 remissae.
1574 3046 1732 3085 amputati
1756 3046 1922 3084 legionum

205 3089 462 3129 auxiliorumque
495 3093 642 3131 numeri,
678 3093 771 3123 miles
802 3093 879 3122 luxu
911 3096 1095 3131 corruptus.
1145 3093 1199 3123 70.
1227 3091 1375 3122 Vitellius
1399 3091 1633 3122 Bedriacenses
1656 3100 1789 3130 campos
1815 3092 1920 3123 laetus

205 3135 333 3175 lustrat,
356 3136 559 3176 propinquae
583 3138 679 3169 sortis
702 3138 846 3178 ignarus.
896 3140 949 3169 71.
976 3137 1116 3168 Neronis
1141 3136 1293 3167 libidines
1317 3137 1509 3168 aemulatur.
1560 3137 1747 3168 consulatus
1772 3138 1920 3176 partitur

206 3183 260 3212 72.
282 3180 401 3211 Falsus
426 3181 657 3215 Scribonianus
681 3185 768 3214 cruci
792 3183 938 3214 suffixus.

250 3227 304 3258 73.
329 3225 483 3258 Vitellius
506 3228 549 3259 ob
571 3229 721 3260 adactum
744 3230 777 3260 in
802 3229 905 3260 verba
929 3238 988 3259 sua
1011 3227 1178 3258 Orientem
1202 3226 1364 3267 superbus
1387 3232 1420 3258 et
1443 3237 1554 3259 socors
1578 3228 1773 3267 Vespasiani
1797 3230 1838 3259 ad
1863 3239 1920 3259 no-

204 3281 279 3303 men
302 3272 469 3303 excitatur.
520 3274 573 3305 ¹14.
597 3275 650 3306 hic
672 3275 794 3306 bellum
817 3284 972 3313 armaque
996 3279 1099 3313 parat.
1151 3274 1296 3305 75-78.
1321 3277 1489 3304 nutantem
1514 3274 1644 3305 firmant
1667 3274 1849 3312 Mucianus,
1875 3276 1919 3305 le-

203 3318 270 3357 gati
294 3318 361 3357 alii,
384 3324 497 3350 vatum
520 3329 679 3359 responsa
693 3325 725 3352 et
741 3320 884 3352 Carmeli
900 3321 951 3351 dei
969 3320 1131 3350 sacerdos.
1181 3320 1235 3350 79.
1260 3319 1314 3350 80.
1340 3320 1568 3359 imperatorem
1593 3321 1737 3351 salutant
1751 3323 1921 3360 Aegyptus

202 3373 344 3406 Tacitus.
383 3375 425 3405 11.
1595 3381 1643 3416 21
