2176 3672
640 237 814 281 LIBER
842 237 876 279 Ι.
935 235 1038 290 Cap.
1068 234 1137 278 48.
1167 234 1237 278 49.
1267 233 1335 278 50.
1368 232 1436 276 51.
1849 229 1931 270 271

157 370 243 401 non
270 358 446 400 senatus
473 354 601 397 modo
631 356 676 396 et
705 365 857 407 equos,
885 350 981 406 quis
1011 349 1156 404 aliqua
1184 362 1286 403 pars
1317 353 1360 392 et
1389 361 1493 391 cura
1521 347 1584 389 rei
1612 345 1830 400 publicae,
1859 343 1937 385 sed

159 436 312 492 volgus
340 447 510 494 quoque
525 433 689 491 palam
715 444 917 476 maerere.
962 442 1039 473 nec
1067 430 1153 472 iam
1183 429 1371 472 recentia
1399 439 1554 470 saevae
1581 426 1701 480 pacis
1732 423 1937 477 exempla,

160 517 239 560 sed
264 515 451 571 repetita
475 513 686 557 bellorum
715 512 901 556 civilium
930 510 1136 553 memoria
1165 512 1335 563 captam
1374 508 1533 550 totiens
1563 506 1653 548 suis
1683 503 1939 547 exercitibus

158 596 322 650 urbem,
348 595 595 639 vastitatem
610 592 777 645 Italiae,
807 592 1068 645 direptiones
1084 590 1413 644 provinciarum,
1431 586 1701 630 Pharsaliam
1716 583 1940 637 Philippos

161 680 207 721 et
226 675 451 725 Perusiam
471 686 522 717 ac
539 673 763 725 Mutinam,
792 675 896 715 nota
924 670 1191 726 publicarum
1216 668 1403 712 cladium
1431 667 1617 719 nomina,
1645 663 1940 720 loquebantur.
1977 674 1997 704 ⁵

161 769 299 812 prope
325 767 520 799 eversum
548 753 706 805 orbem,
737 753 867 795 etiam
897 765 992 795 cum
1023 752 1076 794 de
1103 750 1350 805 principatu
1378 748 1490 790 inter
1518 746 1653 789 bonos
1684 747 1941 796 certaretur;

163 836 242 881 sed
275 835 486 879 mansisse
522 833 572 877 G.
604 833 740 886 Iulio,
783 833 992 875 mansisse
1034 830 1217 874 Caesare
1256 830 1455 883 Augusto
1495 827 1657 870 victore
1696 825 1942 879 imperium3

162 928 409 961 mansuram
435 914 571 957 fuisse
598 913 678 956 sub
698 913 902 967 Pompeio
922 912 1145 965 Brutoque
1173 923 1262 952 rem
1285 909 1511 964 publicam.
1541 919 1651 949 nunc
1676 919 1755 960 pro
1775 905 1944 947 Othone

164 1009 221 1041 an
248 1009 328 1052 pro
356 994 532 1038 Vitellio
562 994 607 1036 in
635 993 797 1047 templa
825 992 995 1035 ituros?
1033 994 1240 1045 utrasque
1268 990 1422 1044 impias
1450 999 1620 1042 preces,
1659 990 1842 1040 utraque
1870 985 1944 1027 de-

163 1076 367 1121 testanda
393 1079 497 1118 vota
525 1075 637 1117 inter
658 1074 780 1126 duos,
809 1085 991 1127 quorum
1019 1071 1131 1114 bello
1160 1070 1299 1114 solum
1325 1070 1372 1112 id
1401 1069 1546 1121 scires,
1577 1067 1831 1110 deteriorem
1853 1064 1945 1107 fore
1960 1076 2002 1107 10

165 1157 240 1213 qui
267 1156 452 1199 vicisset.
498 1158 621 1197 erant
650 1154 725 1208 qui
752 1153 1079 1207 Vespasianum·
1094 1155 1139 1194 et
1167 1163 1288 1193 arma
1316 1149 1507 1192 Orientis
1538 1150 1872 1202 augurarentur‚
1903 1149 1947 1188 et

166 1241 219 1282 ut
249 1236 395 1292 potior
422 1238 609 1289 utroque
628 1233 931 1288 Vespasianus,
961 1233 1025 1275 ita
1053 1231 1210 1275 bellum
1240 1230 1359 1273 aliud
1388 1232 1518 1283 atqoe
1540 1228 1648 1271 alias
1674 1227 1817 1270 clades
1845 1226 1946 1268 hor-

167 1317 331 1362 rebant.
370 1319 415 1359 et
442 1315 643 1369 ambigua
670 1314 725 1356 de
746 1313 1013 1367 Vespasiano
1041 1311 1157 1355 fama
1186 1310 1388 1365 solusque
1409 1309 1596 1351 omnium
1626 1311 1726 1350 ante
1755 1320 1801 1349 se
1828 1307 1947 1361 prin-

169 1398 312 1453 cipum
340 1396 385 1439 in
414 1395 565 1438 melius
593 1397 786 1436 mutatus
817 1396 894 1436 est.

283 1475 379 1531 (51)
416 1474 540 1518 Nunc
568 1474 693 1517 initia
721 1485 958 1528 causasque
994 1475 1137 1515 motus
1166 1470 1388 1514 Vitelliani
1417 1470 1650 1525 expediam.
1699 1481 1823 1511 caeso
1854 1479 1948 1510 cum
1964 1479 2006 1509 15

169 1555 365 1600 omnibus
393 1555 529 1609 copiis
558 1554 669 1597 Iulio
697 1554 878 1597 Vindice
914 1553 1032 1596 ferox
1069 1553 1234 1607 praeda
1273 1551 1497 1606 gloriaque
1526 1550 1760 1602 exercitus,
1800 1551 1852 1590 ut
1881 1547 1950 1590 cui

170 1637 264 1682 sine
289 1635 437 1680 labore
465 1647 515 1678 ac
542 1633 735 1689 periculo
765 1633 969 1677 ditissimi
991 1633 1092 1676 belli
1112 1633 1294 1676 victoria
1317 1632 1540 1684 evenisset,
1571 1630 1883 1684 expeditionem
1907 1631 1951 1670 et

172 1718 327 1770 aciem,
365 1715 559 1770 praemia
587 1727 714 1770 quam
744 1714 960 1768 stipendia
988 1713 1186 1756 malebat.
1236 1713 1311 1756 diu
1341 1711 1652 1755 infructuosam
1681 1714 1725 1754 et
1755 1721 1951 1763 asperam

171 1797 370 1841 militiam
398 1796 688 1839 toleraverant
708 1794 878 1849 ingenio
898 1794 983 1837 loci
1005 1793 1196 1848 caelique
1217 1796 1260 1836 et
1281 1794 1512 1836 severitate
1533 1791 1796 1845 disciplinae,
1825 1802 1952 1844 quam

173 1879 219 1922 in
245 1889 353 1932 pace
380 1874 683 1920 inexorabilem
712 1874 954 1917 discordiae
982 1874 1137 1917 civium
1166 1873 1399 1926 resolvunt,
1429 1873 1595 1927 paratis
1624 1872 1838 1925 utrimque
1858 1882 1951 1913 cor·
1966 1883 2009 1913 20

174 1956 425 2012 raptoribus
465 1960 509 2000 et
544 1953 725 2010 perfidia
760 1955 968 2008 inpunita.
1012 1954 1094 1997 viri
1135 1967 1254 1997 arma
1290 1954 1387 2008 equi
1427 1954 1483 1996 ad
1511 1965 1636 1995 usum
1665 1955 1708 1994 et
1737 1952 1794 1993 ad
1823 1951 1953 1993 decus

175 2040 440 2092 supererant.
481 2037 558 2079 sed
586 2039 686 2078 ante
713 2034 872 2077 bellum
896 2035 1110 2078 centurias
1134 2038 1303 2077 tautum
1327 2047 1429 2077 suas
1454 2037 1705 2087 turmasque
1725 2035 1952 2082 noverant;

177 2117 388 2161 exercitus
415 2114 569 2159 finibus
604 2115 920 2170 provinciarum
956 2115 1317 2158 discernebantur.
1363 2118 1456 2157 tum
1497 2114 1703 2156 adversus
1732 2111 1954 2154 Vindicem

272 2200 290 2229 1
313 2197 430 2237 rei.p.
502 2198 522 2228 2
544 2206 670 2228 merere
739 2198 761 2227 4
785 2205 862 2235 pars
884 2196 952 2227 alii
1022 2197 1042 2227 5
1066 2196 1177 2236 persii
1200 2197 1237 2240 (u
1252 2200 1330 2236 post
1351 2205 1411 2235 per
1435 2204 1593 2235 superscr.
1618 2191 1684 2236 2m)
1713 2193 1759 2234 [et
1780 2192 1954 2223 Perusiam

177 2253 219 2276 ιο
240 2241 418 2287 Mutinam]
443 2242 486 2273 E.
509 2242 682 2273 omnam
752 2242 886 2273 claudi&
957 2244 975 2273 7
1010 2244 1122 2282 cesare
1144 2247 1252 2273 notam
1275 2242 1335 2273 dd.
1366 2244 1417 2272 lm
1487 2242 1507 2273 8
1541 2250 1611 2272 rem
1626 2263 1633 2269 .
1646 2249 1679 2279 p.
1750 2238 1874 2269 othone
1897 2248 1951 2268 no-

176 2294 243 2322 tan
265 2289 326 2321 dd.
353 2291 405 2321 lm
497 2291 517 2320 9
543 2289 635 2328 ffiplo
730 2289 772 2319 13
796 2288 952 2328 principi-1
975 2288 1112 2319 Imelins
1207 2289 1249 2319 14
1272 2284 1397 2331 multus
1492 2287 1535 2316 15
1559 2285 1658 2317 Nu'n’c
1681 2289 1789 2316 notam
1812 2283 1872 2315 del.
1900 2286 1952 2314 lm

180 2337 224 2369 18
246 2335 408 2367 mallabat
478 2336 519 2366 19
543 2334 768 2366 tolet-aberant
790 2333 946 2364 librarius
970 2334 1146 2374 scripturus
1169 2334 1252 2365 buter
1274 2333 1473 2365 scribendum
1496 2331 1634 2363 correxit
1703 2333 1743 2362 21
1771 2330 1915 2361 dedecus

226 2416 282 2448 ⁵0.
309 2414 406 2456 pars]
431 2414 489 2454 qui
512 2418 640 2455 partem
665 2414 810 2454 aliqum
834 2413 1046 2454 publicorum
1085 2418 1201 2445 notum
1218 2418 1299 2446 erat.
1325 2431 1366 2437 -
1390 2413 1540 2452 ambiyua
1563 2412 1603 2442 de
1625 2410 1822 2450 Vespasiano
1834 2409 1948 2451 sama]

181 2471 391 2512 negotiorum
413 2470 711 2510 adminismbant3
743 2481 824 2501 cura
845 2474 956 2502 autem
980 2471 1046 2502 sin·
1085 2472 1228 2503 maxime
1251 2475 1386 2512 propter
1408 2470 1594 2501 avaritiam.
1620 2485 1664 2491 -
1688 2467 1857 2508 ἁιηιάἑω]
1885 2468 1955 2498 Au-

182 2538 278 2561 eerus
300 2528 427 2568 patriae
450 2537 553 2560 amor.
580 2545 622 2551 —
658 2527 876 2568 Pharsaliam]
912 2529 1048 2568 proprie
1086 2528 1201 2560 sonins
1223 2528 1364 2559 Tetrast.
1393 2529 1456 2559 10:
1482 2526 1524 2558 de
1546 2525 1772 2565 Vespasiano:
1801 2525 1883 2555 Olim
1900 2525 1958 2563 qui

183 2589 235 2618 est
257 2588 403 2624 tractus,
436 2585 471 2615 in
497 2594 562 2625 quo
586 2585 765 2616 Pharsalus
798 2585 865 2616 sita
896 2588 969 2616 erat
1001 2587 1049 2624 (2,
1086 2584 1216 2616 dubiam
1246 2586 1378 2625 privato
1413 2584 1448 2614 in
1478 2588 1617 2623 tempore
1646 2582 1795 2621 famam,
1835 2582 1957 2612 Rarum

184 2644 228 2676 ³8
263 2643 299 2673 in
330 2641 502 2673 fluas-salah
534 2652 575 2672 ac
606 2641 775 2682 Philippis.
822 2641 885 2673 Ov.
917 2646 1050 2674 metam.
1088 2641 1174 2681 aliis,
1192 2642 1345 2682 princeps
1367 2640 1531 2672 transtulit
1554 2639 1588 2670 in
1610 2638 1729 2669 melan.
1756 2639 1853 2668 Llrs.

185 2701 246 2738 15,
271 2701 336 2732 822
370 2698 469 2730 Illius
489 2698 646 2739 auspiciis
668 2698 815 2730 obsessae
836 2699 962 2731 moenn'aez
990 2710 1052 2739 pa·
1134 2701 1189 2731 51.
1224 2699 1308 2730 Iulio
1339 2697 1480 2739 Vindice]
1505 2707 1533 2728 0.
1553 2699 1582 2728 6.
1610 2714 1652 2718 -
1677 2695 1905 2735 expeditionem
1928 2699 1958 2726 α

183 2766 251 2788 en
279 2757 372 2788 Via-sa
398 2760 508 2796 petent
530 2755 697 2794 Murenae,
737 2756 912 2788 Pharsalia
945 2757 1054 2788 sentiet
1087 2753 1201 2798 aciem]
1236 2752 1272 2789 ἓν
1296 2752 1353 2789 διὰ
1377 2757 1468 2789 δυοῖν
1500 2764 1559 2793 pro
1583 2752 1704 2783 bellum.
1752 2753 1959 2792 „Additurus

185 2813 293 2853 ssus,
338 2813 553 2852 Emmqaoe
592 2813 706 2844 fter-im
747 2813 919 2852 madefient
958 2813 1054 2844 caede
1090 2812 1235 2852 cupiebat
1275 2814 1329 2844 vel
1370 2812 1478 2843 simile
1517 2810 1646 2850 aliquid
1679 2810 1959 2841 constructionem

188 2869 354 2912 Ph'l‘pps').
408 2870 578 2908 Pharsali,
626 2869 749 2902 Caesar
788 2872 822 2902 in
862 2871 1055 2911 Pompeium
1090 2873 1216 2910 mutat,
1263 2869 1357 2909 quasi
1405 2868 1545 2899 dixisset
1592 2866 1818 2906 cunpadis-bne-
1864 2877 1960 2906 quam

189 2936 219 2960 ι
248 2928 334 2968 706,
373 2927 515 2959 um
554 2926 655 2968 (quae
692 2937 742 2967 pr.
776 2932 854 2959 ante
889 2928 1055 2968 Philippos
1093 2927 1223 2957 otiwnf‘
1247 2926 1384 2956 Durum.
1411 2942 1454 2948 —
1474 2921 1639 2967 praemia]
1665 2934 1786 2955 novam
1801 2924 1959 2964 praedam

191 2987 226 3016 ot
259 2983 421 3016 husim
456 2984 612 3025 ponenda
646 2983 798 3026 fuisset),
834 2995 887 3016 res
920 2985 1058 3025 publica
1091 2993 1130 3014 ae
1155 2983 1360 3013 donativum.
1397 2982 1484 3012 Ann.
1511 2983 1543 3020 1,
1570 2982 1631 3012 16:
1655 2985 1685 3012 et
1707 2991 1747 3011 ex
1770 2981 1861 3012 civili
1880 2981 1960 3012 bello

190 3039 227 3070 in
262 3040 307 3072 Π.
338 3041 520 3072 Antonium
553 3050 583 3072 s..
611 3042 696 3078 ⁷11,
738 3041 916 3087 Philtppis,
957 3040 1056 3072 Octa-
1092 3049 1177 3079 spem
1210 3038 1427 3078 praemiorum
1465 3037 1655 3069 ostendebat.
1689 3056 1732 3062 -
1771 3038 1820 3069 ad
1855 3036 1960 3081 dem]

191 3096 311 3128 vinnm
354 3098 389 3129 in
434 3099 574 3129 Brutum
621 3100 655 3129 et
702 3097 853 3129 Cassium
904 3107 935 3128 a.
978 3098 1056 3136 712,
1094 3098 1183 3128 0.57
1211 3096 1328 3127 iisdem
1353 3095 1490 3125 tribuit:
1514 3095 1634 3126 balteos
1652 3095 1887 3135 phalerasque,
1911 3096 1960 3126 ὑι-

192 3153 352 3192 Penm'as,
375 3152 579 3186 Octavianus
602 3154 636 3185 in
663 3155 701 3184 L.
724 3154 918 3194 Antonium,
944 3153 1058 3185 trium-
1093 3153 1198 3191 siqnia
1220 3162 1380 3182 annorum
1397 3156 1527 3191 arqento
1544 3151 1672 3182 deeora.
1697 3170 1740 3176 —
1764 3153 1960 3195 superer-anfi

192 3210 257 3242 viri
281 3210 427 3250 fithom,
450 3220 480 3242 ι.
499 3212 576 3242 713.
600 3227 647 3234 -
677 3210 1059 3251 Vespasianum-dama
1093 3213 1131 3241 ut
1164 3218 1191 3239 0.
1218 3210 1272 3242 88.
1309 3209 1389 3247 Agr.
1414 3209 1471 3240 45.
1508 3207 1618 3240 Germ.
1644 3211 1676 3242 ⁶.
1702 3211 1756 3242 26.
1790 3210 1877 3242 Ann-
1907 3211 1961 3249 14,

195 3264 345 3311 Orientis]
379 3267 561 3299 exereitum
586 3267 778 3308 Iudaicum3
802 3271 902 3307 atque
925 3268 1061 3306 insuper
1096 3267 1149 3297 54.
1173 3282 1218 3288 —
1242 3264 1510 3305 atamachum]
1535 3265 1580 3296 Et
1595 3267 1746 3306 superior
1769 3270 1802 3298 et
1825 3267 1963 3298 inferior

193 3323 393 3362 Mucianum,
416 3324 472 3362 qui
496 3322 626 3362 Syriam
651 3323 848 3362 obtinebat,
873 3323 922 3353 illi
948 3324 1059 3353 favere
1096 3322 1260 3353 exercitus
1283 3331 1416 3352 suarum
1440 3322 1687 3362 provinciarum
1711 3324 1907 3367 (superioris
1931 3329 1963 3354 et

242 3379 386 3410 Tacitus.
424 3380 466 3410 11.
524 3382 534 3391 ⁰
1640 3383 1688 3418 18
