2176 3672
727 277 900 323 Lmen
927 279 979 326 v,
1038 283 1138 338 cap.
1172 284 1234 327 19.
1263 285 1331 329 20.
1362 286 1429 331 21.
1460 286 1531 331 22.
1907 290 1989 335 561

223 383 376 429 lintres
403 399 569 432 vexere.
627 403 682 434 ne
701 396 792 435 tum
813 394 982 448 quidem
1004 395 1195 440 Romana
1218 399 1367 443 classis
1386 413 1555 454 pugnae
1574 402 1726 457 adfuit,
1754 406 1804 446 ut
1832 403 1993 447 iussum

223 468 331 518 erat,
360 467 437 510 sed
466 468 635 513 obstitit
670 470 851 516 formido
890 479 935 518 et
972 477 1154 530 remiges
1194 491 1272 531 per
1299 479 1385 523 alia
1417 481 1596 525 militiae
1624 483 1769 525 munia
1796 483 1991 537 dispersi.

223 555 332 590 eane
350 546 531 590 Cerialis
556 556 708 603 parum
740 555 947 607 temporis
976 556 1032 598 ad
1062 560 1307 611 exequenda
1332 560 1498 613 inperia
1527 562 1670 614 dabat,
1701 562 1866 605 subitus
1895 574 1994 605 con-

223 623 347 678 siliis,
378 627 452 669 sed
483 633 637 672 eventu
667 631 829 676 clarus:
859 635 1010 678 aderat
1037 635 1207 679 fortuna
1236 639 1363 681 etiam
1384 639 1456 682 ubi
1476 645 1591 684 artes
1611 641 1868 694 defuissent;
1898 642 1996 684 hinc

224 703 309 758 ipsi
339 707 628 762 exercituique
657 711 796 754 minor
815 725 916 756 cura
942 715 1201 769 disciplinae.
1261 723 1306 760 et
1324 731 1483 771 paucos
1504 725 1604 773 post
1623 721 1726 774 dies,
1756 733 1993 775 quanquam
2008 737 2028 766 s

223 784 460 837 periculum
490 790 754 842 captivitatis
791 792 1012 848 evasisset,
1050 796 1266 840 infamiam
1305 811 1389 841 non
1434 800 1596 843 vitavit.
1657 800 1749 854 (22)
1778 799 1996 854 profectus

222 861 483 908 Novaesium
503 865 779 924 Bonnamque
799 872 856 913 ad
878 873 1055 916 visenda
1075 879 1229 929 castra,
1258 888 1368 930 quae
1387 878 1638 922 hiematuris
1658 879 1894 932 legionibus
1913 879 1997 922 eri-

225 940 450 998 gebantur,
470 947 650 991 navibus
670 950 904 1005 remeabat,
932 953 1111 996 disiecto
1131 956 1310 1009 agmine,
1340 957 1564 1001 incuriosis
1588 958 1755 1013 vig-iliis.
1806 959 1997 1001 animad-

223 1033 394 1066 versum
424 1025 470 1067 id
499 1025 723 1072 Germanis
764 1034 810 1073 et
838 1031 1016 1075 insidias
1046 1045 1319 1087 conposuere.
1379 1036 1514 1080 electa
1556 1050 1638 1080 nox
1669 1043 1764 1080 atra
1791 1037 1995 1089 nubibus;

226 1101 438 1157 ethrono
467 1117 591 1148 amne
619 1108 735 1161 rapti
756 1108 873 1152 nullo
893 1111 1144 1164 prohibente
1171 1114 1326 1156 vallum
1346 1116 1504 1159 ineunt.
1564 1118 1702 1170 prima
1731 1118 1882 1160 caedes
1901 1121 1999 1160 astu
2017 1130 2055 1159 ιο

225 1183 395 1226 adiuta:
426 1184 573 1228 incisis
603 1185 971 1231 tabernaculorum
992 1189 1163 1233 funibus
1194 1192 1371 1235 suismet
1399 1194 1596 1236 tentoriis
1626 1200 1852 1248 coopertos
1870 1196 2000 1238 truci·

225 1261 410 1316 dabant;
452 1264 569 1308 aliud
608 1278 760 1319 agmen
799 1269 974 1313 turbare
1012 1270 1205 1320 classem,
1244 1272 1400 1316 inicere
1430 1274 1580 1326 vincla,
1621 1274 1793 1319 trahere
1821 1276 1999 1329 puppis;

226 1346 358 1397 utque
378 1345 433 1386 ad
453 1343 684 1388 fallendum
707 1347 890 1400 silentio,
921 1349 982 1391 ita
1002 1355 1155 1403 coepta
1178 1352 1320 1403 caede,
1350 1365 1432 1406 quo
1461 1353 1559 1406 plus
1579 1355 1757 1396 terroris
1777 1355 1998 1408 adderent,

224 1426 379 1465 cuncta
408 1422 664 1469 clamoribus
687 1426 936 1471 miscebant.
995 1430 1174 1472 Romani
1200 1430 1442 1475 volneribus
1471 1433 1598 1476 exciti
1627 1439 1838 1487 quaerunt
1867 1447 1999 1489 arma,

224 1506 355 1545 ruunt
383 1515 461 1555 per
479 1504 586 1557 vias,
615 1507 743 1558 pauci
763 1514 917 1550 ornatu
937 1509 1126 1563 militari,
1155 1510 1354 1565 plerique
1378 1513 1534 1555 circum
1555 1512 1728 1555 brachia
1748 1518 1863 1556 torta
1882 1518 2001 1557 veste
2017 1523 2056 1554 15

226 1584 272 1624 et
291 1582 457 1626 strictis
478 1585 760 1628 mucronibus.
819 1587 905 1629 dux
925 1589 1205 1632 semisomnus
1225 1602 1275 1633 ac
1295 1603 1429 1644 prope
1448 1592 1631 1633 intectus
1652 1604 1796 1635 errore
1815 1592 2000 1634 hostium

229 1666 439 1706 servatur.
498 1676 680 1718 namque
709 1666 968 1718 praetoriam
998 1680 1149 1711 navem
1177 1668 1330 1711 vexillo
1360 1669 1582 1724 insignem,
1611 1669 1698 1714 illic
1727 1671 1876 1714 ducem
1907 1672 2002 1724 rati,

229 1741 472 1797 abripiunt:
503 1743 683 1786 Cerialis
713 1744 816 1787 alibi
844 1751 1012 1790 noctem
1043 1753 1204 1801 egerat,
1245 1752 1293 1790 ut
1322 1748 1515 1803 plerique
1554 1749 1784 1801 credidere,
1827 1750 1879 1793 ob
1910 1754 2000 1793 stu-

228 1835 353 1878 prum
375 1822 579 1867 Claudiae
601 1824 805 1868 Sacratae
825 1826 1018 1869 mulieris
1038 1826 1184 1870 Ubiae.
1246 1827 1395 1880 vigiles
1414 1825 1623 1880 flagitium
1645 1841 1767 1871 suum
1788 1830 1908 1872 ducis
1927 1831 2001 1873 de·

230 1903 387 1946 decore
415 1904 686 1957 excusabant,
717 1909 919 1959 tanquam
949 1906 1054 1948 iussi
1084 1907 1224 1958 silere,
1253 1919 1307 1949 ne
1337 1907 1523 1961 quietem
1546 1907 1638 1950 eius
1668 1908 1909 1961 turbarent;
1939 1910 2002 1951 ita
2015 1922 2058 1952 ιο

229 1984 476 2028 intermisso
517 1985 640 2037 signo
679 1989 723 2028 et
762 1984 935 2028 vocibus
966 1998 1012 2029 se
1042 1998 1208 2040 quoque
1237 1987 1280 2028 in
1308 1999 1502 2029 somnum
1531 1986 1686 2040 lapsos.
1745 1987 1880 2030 multa
1908 1987 2002 2031 luce

233 2065 396 2109 revecti
435 2063 583 2107 hostes
621 2065 803 2118 captivis
843 2065 1042 2118 navibus,
1090 2066 1346 2119 praetoriam
1396 2066 1610 2108 triremem
1652 2064 1824 2109 flumine
1865 2067 2003 2120 Lupia

371 2170 387 2198 1
414 2168 540 2208 lyntres
653 2172 864 2198 transvexere
897 2167 1009 2207 Halm,
1044 2178 1181 2198 avexere
1204 2168 1347 2198 Herae-u
1462 2172 1498 2197 ut
1533 2167 1629 2198 edicio
1657 2168 1834 2207 princeps:
1870 2172 1903 2198 et
1926 2167 2002 2209 (etsi

230 2214 269 2244 L.
295 2212 442 2253 Spei-901)
532 2216 552 2245 3
578 2213 759 2253 exequendi
783 2214 989 2253 (exequendi—1
1011 2212 1042 2251 ὁ)
1135 2215 1154 2243 4
1180 2219 1228 2243 set
1252 2215 1298 2250 (et
1322 2212 1486 2249 Heinsius)
1591 2214 1610 2243 6
1638 2214 1775 2243 mutauit
1798 2213 1946 2251 (euitauit
1969 2211 2003 2255 ὸ)

234 2261 252 2290 7
293 2259 415 2297 bonam
535 2261 576 2290 10
611 2260 707 2290 cedes
824 2261 863 2290 11
907 2259 1067 2289 intercisis
1101 2258 1201 2289 Rioeer
1314 2259 1383 2289 suis
1416 2265 1483 2288 met
1518 2258 1611 2288 toriis
1730 2259 1769 2289 1³
1808 2264 1903 2298 cepta
1926 2259 2004 2289 cede

235 2308 277 2336 14
301 2305 446 2336 romanis
537 2303 619 2345 que?
714 2306 756 2336 15
780 2310 898 2335 ornatu
923 2304 1019 2335 editio
1037 2304 1206 2343 princeps.-
1230 2305 1336 2334 ornati
1431 2305 1471 2334 17
1498 2312 1597 2341 uanq;
1695 2305 1736 2335 18
1762 2309 1889 2334 noctem
1906 2304 2005 2335 dete..-

232 2349 338 2391 nauel
361 2349 461 2392 (nane
483 2348 517 2391 b)
629 2348 709 2391 (alia
732 2351 811 2380 navi
843 2355 972 2381 noctem
997 2349 1174 2388 Candidus)
1305 2351 1345 2380 19
1387 2349 1490 2379 Ubiae
1525 2348 1713 2380 monam.-
1737 2349 1792 2379 ubi
1817 2359 1834 2379 e
1857 2348 1903 2391 (et
1927 2347 2005 2389 2η.)

233 2398 276 2428 21
300 2396 414 2428 labsos
506 2394 607 2438 21122
632 2396 741 2427 lucere
765 2396 850 2426 necti
942 2398 984 2427 22
1007 2395 1103 2435 Inpia
1126 2395 1183 2426 sed
1198 2395 1349 2434 primitus
1372 2395 1463 2433 lupia
1476 2395 1551 2432 suit

233 2508 274 2530 ex
290 2499 384 2529 laeva
402 2498 536 2530 Vahalis
551 2498 636 2538 ripa,
654 2499 688 2528 in
705 2507 803 2537 quam
820 2498 861 2528 ad
879 2497 1101 2537 oppugnanda
1134 2495 1255 2539 ineunt]
1295 2497 1420 2527 vallum
1452 2500 1484 2526 et
1519 2500 1625 2526 castra
1661 2497 1694 2526 in
1730 2497 1826 2527 laeva
1861 2495 2002 2526 fluminis

234 2558 343 2586 eastra
366 2556 552 2587 cohortium
577 2560 608 2586 et
631 2556 758 2586 alarum
787 2555 1043 2594 transcenderat,
1066 2554 1099 2584 in
1136 2554 1207 2592 ripa
1224 2553 1339 2592 posita.
1387 2553 1485 2592 paulo
1503 2558 1578 2583 ante
1589 2561 1694 2592 prono
1709 2561 1801 2582 anne
1819 2551 1859 2580 de
1876 2551 2002 2591 Rheno,

233 2612 381 2643 dextram
406 2622 496 2644 oram
522 2616 554 2643 et
577 2612 718 2643 insulam
745 2612 960 2642 Batavorum:
987 2610 1099 2640 eodem
1136 2619 1199 2648 quo
1225 2615 1338 2639 vectus
1363 2612 1413 2639 est
1436 2609 1584 2649 Cerialis,
1617 2608 1886 2646 intellegendum,
1914 2608 2002 2647 quod

234 2667 353 2708 Verax,
369 2669 468 2700 etiam
481 2669 583 2699 Tutor
598 2673 630 2699 et
641 2668 807 2699 Classicus
824 2677 858 2698 se
876 2677 1038 2706 recepere.
1055 2666 1101 2696 ibi
1137 2676 1201 2696 nou
1227 2675 1403 2705 monerem,
1436 2666 1499 2696 nisi
1535 2665 1575 2695 de
1610 2665 1714 2702 Lupia
1738 2664 1927 2702 supertiam
1956 2662 2002 2707 (et

233 2725 385 2756 omnibus
400 2725 503 2756 fidum
519 2725 686 2764 effugium,
703 2725 781 2764 quia
800 2725 939 2755 Romani
958 2724 1099 2754 nondum
1137 2732 1240 2762 nuper
1261 2732 1322 2752 von
1347 2721 1431 2752 Vestia
1450 2723 1473 2752 l.
1490 2722 1512 2751 1.
1533 2731 1563 2760 p.
1582 2720 1640 2762 40)
1662 2719 1823 2755 cogitasse
1847 2720 2000 2750 viderem.

233 2782 372 2819 ingressi
396 2787 428 2812 et
451 2787 568 2821 pontes
583 2782 626 2812 ab
642 2783 683 2813 iis
698 2781 841 2812 inchoati
867 2781 1011 2810 nondum
1030 2789 1101 2818 per·
1137 2780 1280 2810 Rn-rn.
1296 2796 1330 2801 —
1347 2776 1483 2820 saonem]
1502 2778 1571 2808 scil.
1583 2776 1733 2816 agebant,
1750 2776 1876 2808 cil-Iol.
1888 2775 2004 2807 uella

234 2839 313 2871 fecti
329 2844 434 2870 erant.
454 2839 598 2872 Binan.
616 2839 842 2869 —utimnm
858 2836 941 2880 eme]
967 2839 1052 2867 Anu.
1071 2838 1102 2876 2,
1139 2835 1287 2872 Beitrage
1321 2840 1382 2865 etc.
1418 2836 1448 2864 4.
1487 2843 1507 2872 p
1557 2834 1613 2864 43.
1672 2832 1778 2870 θεων
1813 2830 1928 2863 aaa·
1962 2834 2002 2863 de

234 2896 279 2927 40
302 2900 524 2936 exsequantur,
545 2900 580 2926 ιιι
602 2896 723 2926 hem
745 2899 826 2932 erat,
851 2894 973 2925 Caesar
997 2893 1035 2924 B.
1061 2892 1100 2923 G.
1137 2891 1414 2929 breviloquentiae
1431 2889 1580 2920 Taciteae
1596 2889 1794 2928 quibusdam
1816 2888 2000 2927 generibus,

235 2954 268 2992 ⁶,
295 2953 325 2989 ’1,
350 2954 370 2983 9
394 2956 430 2982 ιιι
451 2956 522 2982 erat
543 2953 743 2992 imperatum.
1140 2949 1268 2987 Lipsiae
1288 2949 1382 2979 1881.
1403 2956 1433 2985 p.
1448 2948 1502 2977 ⁴5.
1522 2955 1637 2984 —per
1651 2942 1735 2987 οἶαι]
1752 2949 1943 2975 castrorum.
1957 2961 2001 2968 —

281 3010 339 3040 22.
382 3007 581 3051 hanutum]
615 3009 655 3038 cf.
692 3018 718 3038 c.
754 3010 797 3039 23
827 3007 927 3045 fleu-us
961 3006 1107 3036 numni
1138 3004 1256 3036 atr-ieci·
1290 3001 1501 3041 amnibus]
1536 3001 1676 3040 gladiis,
1713 3005 1747 3030 ut
1786 3003 1817 3040 1,
1853 3002 1892 3032 27
1929 3010 2002 3031 eoa-

233 3063 954 3105 aeerebrioperaoqadnooeiuninbnzu.—
914 3062 1104 3093 —disioeto
1137 3061 1307 3091 salutatum
1332 3060 1550 3098 nuper-atores·
1586 3073 1624 3079 —
1659 3055 2002 3087 atridis-eum

233 3122 379 3161 confite,
418 3122 453 3152 in
486 3122 620 3153 ena-{osia
654 3119 786 3163 οίςιῖιϊε]
821 3129 932 3161 φησι
966 3129 1030 3149 non
1064 3119 1103 3148 de
1136 3117 1277 3156 rapiunt.
1295 3113 1489 3145 —Oen'alis
1512 3112 1731 3143 alfflinoaee-
1755 3111 1874 3156 equae]
1898 3114 1932 3151 4,
1957 3114 1998 3144 ’Π

236 3178 378 3208 navibus
401 3178 525 3210 dictum
549 3183 611 3217 est,
634 3178 690 3209 sed
716 3177 756 3208 de
781 3176 939 3207 militibus
961 3175 1103 3214 pedestri
1137 3174 1170 3203 ιῖη
1204 3171 1345 3202 eubiculo
1380 3181 1421 3201 ae
1458 3169 1572 3200 lece-do
1611 3167 1743 3199 omaus
1784 3168 1895 3210 (acque
1918 3169 2001 3199 enin

235 3234 353 3265 itinere
387 3235 620 3267 remeantibus.
667 3234 807 3264 navibus
841 3233 940 3270 igitur
976 3235 1119 3261 tantum
1135 3233 1252 3259 node-
1276 3228 1308 3258 in
1334 3227 1449 3258 eastris
1482 3226 1611 3266 emat).
1722 3223 1863 3255 nulia-is
1889 3222 2000 3267 Ubiae}

236 3289 375 3321 Cerialis
391 3296 425 3320 et
440 3299 517 3329 pare
532 3291 687 3321 comitum
705 3290 809 3320 rediit.
835 3287 1118 3326 &maweu
1136 3286 1168 3315 Ιιι
1204 3284 1361 3315 Ubiorum
1395 3284 1492 3321 igitur
1527 3291 1627 3321 agro,
1665 3281 1720 3320 qui
1757 3280 1911 3311 Romanis
1944 3280 2000 3311 fidi

236 3347 344 3378 diurni
379 3348 554 3387 temporis,
591 3347 761 3378 {neumenia
800 3345 917 3385 πραεῖα
951 3343 1245 3377 noctanter-ant.
1281 3344 1458 3370 nocturnae
1492 3338 1568 3368 illae
1603 3337 1740 3368 insidiae
1775 3345 1795 3367 a
1828 3335 2000 3368 Germanis

235 3413 314 3435 cura
336 3402 522 3434 intermissa
544 3403 727 3435 denotatur.
752 3403 896 3433 Βιπικ.
913 3418 957 3424 -—
980 3399 1099 3430 vollen
1115 3411 1118 3438 j
1135 3398 1240 3427 sactae
1272 3405 1342 3426 esse
1374 3394 1539 3426 videntur.
1572 3410 1616 3417 —
1649 3390 1753 3436 eiam]
1793 3392 1929 3423 bucinae
1965 3392 1999 3422 in
